Order ID,Date,Product ID,Category,Gender, Age,Item Purchased,Order Location,Sales Price,Quantity,Total Sales,Rating
189440,7/21/2024,BF1543,Garment,Male,30,Blouse,New Jersey,100,1,100,4
187385,7/20/2024,BF1543,Garment,Male,32,Sweater,Las Vegas,100,1,100,3
181844,7/21/2024,BF1544,Garment,Female,26,Jeans,Cardiff,9,1,49,2
197934,8/19/2024,BF1544,Footwear,Male,28,Sandals,Pittsburgh,9,2,18,3
122470,1/6/2024,BF1545,Garment,Female,19,Blouse,Miami,10,3,30,5
199680,6/1/2024,BF1546,Footwear,Male,29,Sneakers,Sydney,118,1,218,1
130929,3/6/2024,BF1547,Garment,Male,32,Shirt,Memphis,32,3,96,4
164427,4/16/2024,BF1547,Garment,Male,26,Shorts,Miami,32,2,64,3
149510,5/22/2024,BF1545,Outerwear,Female,26,Coat,New York,10,1,10,4
176280,2/27/2024,BF1548,Accessories,Male,20,Handbag,Sydney,65,1,165,4
196659,11/5/2023,BF1546,Footwear,Female,34,Shoes,Montreal,118,1,143,5
146245,9/24/2024,BF1548,Garment,Male,21,Shorts,Sacramento,65,1,65,1
150560,10/4/2024,BF1546,Outerwear,Male,29,Coat,Las Vegas,118,3,354,5
138348,1/26/2024,BF1549,Garment,Male,26,Dress,New Jersey,130,2,260,2
138790,5/13/2024,BF1547,Outerwear,Male,24,Coat,Montreal,32,2,114,3
170025,12/3/2023,BF1550,Garment,Male,34,Skirt,Paris,97,1,147,5
168520,9/23/2024,BF1551,Accessories,Female,31,Sunglasses,San Antonio,15,3,45,2
165261,12/13/2023,BF1548,Garment,Male,32,Dress,Las Vegas,65,1,65,5
182299,3/26/2024,BF1545,Garment,Female,25,Sweater,Cleveland,10,1,10,5
165196,8/31/2024,BF1548,Garment,Male,20,Pants,London,65,2,210,2
153554,9/1/2024,BF1550,Garment,Male,23,Pants,Cleveland,97,1,97,1
131552,11/30/2023,BF1548,Garment,Male,26,Pants,Portland,65,1,65,4
146178,6/4/2024,BF1545,Garment,Female,18,Pants,Detroit,10,2,20,3
138795,6/2/2024,BF1546,Garment,Female,19,Pants,New Jersey,118,3,354,1
142933,7/23/2024,BF1550,Outerwear,Male,19,Jacket,New Jersey,97,4,388,3
188192,10/31/2024,BF1545,Garment,Male,32,Hoodie,Cardiff,10,2,100,1
184678,6/8/2024,BF1551,Accessories,Male,28,Jewelry,Sacramento,15,1,15,5
128904,2/28/2024,BF1543,Garment,Male,22,Shorts,Sydney,100,3,600,5
191045,11/29/2023,BF1550,Accessories,Male,20,Handbag,Dublin,97,1,137,4
163054,1/16/2024,BF1548,Garment,Male,30,Dress,Glasgow,65,4,420,1
121078,12/13/2023,BF1545,Accessories,Female,22,Jewelry,Austin,10,4,40,5
180876,7/14/2024,BF1544,Garment,Male,31,Dress,Sacramento,9,1,9,4
155281,2/26/2024,BF1547,Outerwear,Male,22,Jacket,Cleveland,32,3,96,5
183087,2/16/2024,BF1548,Garment,Male,25,Pants,Austin,65,1,65,2
185910,7/9/2024,BF1548,Garment,Female,22,T-shirt,Glasgow,65,1,105,4
165100,10/12/2024,BF1545,Garment,Male,29,Blouse,Dublin,10,1,50,5
167831,3/9/2024,BF1547,Garment,Male,22,T-shirt,New Jersey,32,1,32,5
185069,1/12/2024,BF1544,Garment,Male,32,Jeans,Cleveland,9,1,9,4
153675,5/30/2024,BF1547,Garment,Male,31,Dress,Cardiff,32,5,360,5
169012,6/10/2024,BF1544,Garment,Female,21,Pants,New York,9,1,9,2
185868,1/14/2024,BF1545,Accessories,Female,18,Handbag,Pittsburgh,10,1,10,4
199507,5/10/2024,BF1545,Accessories,Male,22,Scarf,Cleveland,10,2,20,3
187807,4/21/2024,BF1548,Outerwear,Male,20,Coat,Pittsburgh,65,1,65,2
131889,4/17/2024,BF1548,Accessories,Female,19,Scarf,Montreal,65,1,90,4
191650,7/11/2024,BF1548,Accessories,Male,35,Hat,Las Vegas,65,5,325,1
120961,8/28/2024,BF1548,Garment,Female,23,Socks,Glasgow,65,1,105,3
123878,7/18/2024,BF1544,Garment,Male,19,Shirt,Toronto,9,1,34,4
142003,7/22/2024,BF1548,Accessories,Male,32,Jewelry,Cardiff,65,1,105,5
177177,5/12/2024,BF1549,Garment,Male,33,Shirt,Las Vegas,130,1,130,3
182615,2/18/2024,BF1550,Garment,Female,26,Hoodie,Sacramento,97,5,485,2
163266,6/23/2024,BF1551,Garment,Female,26,Blouse,Mumbai,15,1,85,5
159105,4/20/2024,BF1545,Garment,Male,21,Skirt,London,10,1,50,4
150308,6/9/2024,BF1548,Garment,Female,22,T-shirt,Glasgow,65,3,315,4
125917,5/29/2024,BF1552,Garment,Male,28,Skirt,London,45,1,85,5
199874,2/26/2024,BF1552,Outerwear,Male,26,Coat,New Jersey,45,2,90,4
175571,4/2/2024,BF1550,Outerwear,Female,21,Jacket,Memphis,97,1,97,4
184218,12/19/2023,BF1545,Accessories,Female,25,Backpack,San Antonio,10,2,20,3
192227,2/15/2024,BF1543,Outerwear,Male,33,Coat,San Francisco,100,3,300,1
139449,1/20/2024,BF1549,Garment,Female,25,Hoodie,Austin,130,1,130,2
168070,9/26/2024,BF1553,Accessories,Male,18,Belt,London,50,1,90,5
163107,8/25/2024,BF1548,Garment,Male,32,Sweater,Las Vegas,65,1,65,4
135780,10/20/2024,BF1548,Accessories,Female,27,Scarf,London,65,1,105,4
138768,3/6/2024,BF1548,Footwear,Male,28,Sneakers,Manchester,65,1,105,5
133935,4/16/2024,BF1544,Accessories,Male,24,Sunglasses,New York,9,2,18,5
193605,4/5/2024,BF1545,Footwear,Male,21,Boots,Liverpool,10,1,50,1
132689,4/21/2024,BF1554,Accessories,Male,29,Backpack,Miami,20,1,20,5
123840,9/20/2024,BF1551,Garment,Male,34,Blouse,Portland,15,4,60,1
180476,2/29/2024,BF1553,Outerwear,Female,24,Coat,Manchester,50,2,180,5
173951,2/5/2024,BF1551,Accessories,Male,33,Handbag,Sacramento,15,1,15,4
168749,3/2/2024,BF1548,Accessories,Male,20,Belt,Detroit,65,1,65,1
167082,10/3/2024,BF1543,Accessories,Female,20,Belt,Las Vegas,100,2,200,4
134606,4/8/2024,BF1543,Garment,Female,32,Dress,Liverpool,100,1,140,3
178674,4/22/2024,BF1551,Garment,Female,21,Dress,Toronto,15,3,120,4
155829,11/13/2023,BF1549,Garment,Male,26,Pants,New Jersey,130,2,260,1
169753,7/13/2024,BF1543,Accessories,Male,31,Gloves,New Jersey,100,5,500,5
167695,12/11/2023,BF1552,Accessories,Female,26,Scarf,Paris,45,2,190,1
158619,1/31/2024,BF1545,Accessories,Female,24,Hat,San Francisco,10,1,10,4
131132,2/3/2024,BF1544,Garment,Male,24,Dress,Cleveland,9,1,9,4
132399,1/26/2024,BF1548,Garment,Male,20,Skirt,San Francisco,65,2,130,4
198208,9/21/2024,BF1548,Outerwear,Male,25,Jacket,New York,65,2,130,5
194476,2/9/2024,BF1544,Footwear,Female,31,Sandals,Detroit,9,3,27,1
137794,1/20/2024,BF1550,Footwear,Male,23,Shoes,New Jersey,97,1,97,2
158342,3/30/2024,BF1550,Garment,Male,34,Pants,New Jersey,97,1,97,3
132788,11/3/2024,BF1546,Garment,Male,19,Dress,New Jersey,118,1,118,5
131843,9/24/2024,BF1549,Outerwear,Male,34,Coat,Detroit,130,3,390,4
169590,12/2/2023,BF1546,Accessories,Female,35,Sunglasses,Cleveland,118,4,472,4
172697,11/16/2023,BF1551,Garment,Male,34,Hoodie,Las Vegas,15,1,15,3
130779,8/3/2024,BF1548,Footwear,Female,18,Shoes,Cleveland,65,2,130,3
152864,11/12/2023,BF1551,Garment,Male,32,T-shirt,Portland,15,1,15,4
122419,4/10/2024,BF1551,Outerwear,Male,33,Jacket,Portland,15,1,15,4
155500,2/5/2024,BF1551,Accessories,Female,27,Hat,Paris,15,1,65,5
175860,7/24/2024,BF1551,Accessories,Female,21,Scarf,Miami,15,2,30,5
186716,12/11/2023,BF1551,Outerwear,Female,19,Jacket,New York,15,4,60,4
187116,2/26/2024,BF1546,Garment,Female,31,Sweater,Memphis,118,1,118,4
121074,5/13/2024,BF1550,Garment,Male,35,Skirt,Cleveland,97,1,97,1
173964,5/22/2024,BF1549,Footwear,Male,28,Sneakers,Detroit,130,2,260,1
145870,1/22/2024,BF1550,Accessories,Male,18,Gloves,Cardiff,97,2,274,4
136732,6/12/2024,BF1544,Footwear,Male,26,Shoes,Cardiff,9,2,98,5
191495,12/14/2023,BF1546,Garment,Female,21,Jeans,Glasgow,118,3,474,3
169331,3/20/2024,BF1545,Garment,Female,23,Hoodie,San Francisco,10,2,20,3
151140,12/10/2023,BF1551,Accessories,Male,29,Sunglasses,Detroit,15,2,30,3
187087,11/21/2023,BF1551,Outerwear,Male,35,Coat,Detroit,15,1,15,4
131554,10/20/2024,BF1551,Garment,Male,23,Socks,Pittsburgh,15,1,15,3
123826,5/8/2024,BF1549,Footwear,Male,21,Boots,Miami,130,1,130,1
135782,3/14/2024,BF1554,Accessories,Female,27,Sunglasses,Portland,20,1,20,4
123608,7/28/2024,BF1548,Accessories,Male,33,Backpack,Cleveland,65,1,65,5
123848,3/24/2024,BF1551,Outerwear,Male,20,Jacket,Detroit,15,1,15,4
165876,7/18/2024,BF1545,Footwear,Female,18,Sneakers,Detroit,10,1,10,5
192958,11/20/2023,BF1551,Garment,Male,34,Socks,Las Vegas,15,2,30,4
169192,9/29/2024,BF1551,Garment,Male,30,T-shirt,Detroit,15,1,15,5
158535,1/5/2024,BF1552,Accessories,Female,28,Backpack,Cardiff,45,3,255,2
147567,6/27/2024,BF1547,Accessories,Male,23,Belt,Detroit,32,2,64,5
137542,12/22/2023,BF1555,Accessories,Female,25,Gloves,Austin,23,1,23,4
196642,1/10/2024,BF1548,Accessories,Male,25,Hat,New York,65,2,130,4
186569,10/24/2024,BF1550,Outerwear,Male,32,Coat,Detroit,97,5,485,5
194909,11/13/2023,BF1552,Garment,Female,25,Skirt,San Antonio,45,2,90,1
170579,3/8/2024,BF1544,Footwear,Male,27,Shoes,San Antonio,9,1,9,3
138353,11/24/2023,BF1546,Footwear,Female,21,Sandals,Detroit,118,1,118,1
199565,6/13/2024,BF1555,Garment,Female,20,Sweater,San Antonio,23,2,46,3
147676,7/31/2024,BF1551,Outerwear,Male,34,Coat,New York,15,5,75,5
138964,8/12/2024,BF1544,Accessories,Male,29,Hat,New Delhi,9,1,79,5
141276,10/28/2024,BF1549,Garment,Male,18,Shorts,New Jersey,130,1,130,3
181005,3/22/2024,BF1549,Accessories,Female,25,Backpack,Toronto,130,1,155,4
149143,6/1/2024,BF1554,Garment,Female,23,Sweater,Las Vegas,20,1,20,4
171098,9/25/2024,BF1550,Garment,Female,25,Sweater,Sacramento,97,1,97,4
191971,2/23/2024,BF1552,Garment,Male,31,Shorts,Miami,45,4,180,4
153977,2/1/2024,BF1555,Garment,Male,32,Shorts,New Jersey,23,1,23,5
175759,11/24/2023,BF1545,Garment,Male,28,Sweater,Las Vegas,10,3,30,5
153093,11/14/2023,BF1544,Accessories,Male,19,Scarf,London,9,2,98,5
134449,9/24/2024,BF1548,Garment,Female,26,Dress,Portland,65,1,65,2
139314,5/28/2024,BF1543,Accessories,Male,31,Scarf,Mumbai,100,1,170,4
199994,10/30/2024,BF1553,Garment,Male,18,Skirt,Las Vegas,50,3,150,5
130113,9/22/2024,BF1544,Accessories,Female,18,Backpack,New York,9,1,9,4
170515,4/3/2024,BF1548,Garment,Male,30,Sweater,Sacramento,65,1,65,4
153570,8/31/2024,BF1543,Accessories,Male,35,Hat,Memphis,100,1,100,3
146290,8/30/2024,BF1545,Footwear,Male,29,Sandals,San Francisco,10,3,30,5
168381,4/4/2024,BF1544,Garment,Male,19,Blouse,Memphis,9,3,27,4
165081,11/13/2023,BF1550,Footwear,Female,26,Sneakers,Glasgow,97,2,274,3
183974,10/7/2024,BF1545,Garment,Male,34,Skirt,Cleveland,10,2,20,3
125537,1/16/2024,BF1548,Outerwear,Male,29,Coat,Memphis,65,2,130,2
191604,9/17/2024,BF1545,Garment,Male,35,Shirt,Miami,10,1,10,2
189849,2/8/2024,BF1547,Accessories,Male,31,Gloves,Portland,32,2,64,5
127493,8/28/2024,BF1545,Outerwear,Male,29,Jacket,Pittsburgh,10,5,50,4
124056,11/18/2023,BF1547,Outerwear,Female,18,Coat,Sacramento,32,1,32,5
199100,2/4/2024,BF1544,Footwear,Male,35,Shoes,Las Vegas,9,1,9,5
185431,2/27/2024,BF1551,Accessories,Female,26,Jewelry,Dublin,15,1,55,5
155300,9/12/2024,BF1551,Garment,Female,22,Skirt,Manchester,15,5,275,1
140731,12/12/2023,BF1550,Footwear,Female,30,Shoes,Toronto,97,1,122,3
166773,11/12/2023,BF1554,Accessories,Female,24,Gloves,Austin,20,2,40,2
186643,12/20/2023,BF1548,Garment,Male,24,Pants,Sacramento,65,1,65,5
182192,2/2/2024,BF1546,Footwear,Male,27,Boots,Memphis,118,1,118,4
196273,8/19/2024,BF1548,Accessories,Female,26,Sunglasses,London,65,1,105,4
126824,5/2/2024,BF1551,Garment,Male,29,Shirt,Portland,15,5,75,5
148399,1/6/2024,BF1547,Garment,Male,33,Hoodie,Sacramento,32,1,32,5
146753,2/25/2024,BF1553,Garment,Male,30,Dress,San Antonio,50,2,100,1
148705,1/4/2024,BF1549,Garment,Male,29,Socks,Toronto,130,1,155,4
166666,11/10/2023,BF1545,Garment,Female,35,Shorts,Dublin,10,1,50,3
182416,12/18/2023,BF1555,Accessories,Female,32,Hat,New Delhi,23,2,186,4
158629,5/14/2024,BF1552,Garment,Female,32,Shirt,New York,45,1,45,4
158850,8/25/2024,BF1548,Accessories,Male,28,Gloves,Glasgow,65,1,105,4
128193,5/10/2024,BF1551,Accessories,Male,23,Gloves,Cleveland,15,2,30,5
191979,7/25/2024,BF1554,Accessories,Male,35,Backpack,Cleveland,20,1,20,2
140154,11/19/2023,BF1544,Accessories,Male,18,Sunglasses,London,9,1,49,5
127437,6/8/2024,BF1544,Garment,Male,23,Skirt,San Antonio,9,1,9,3
194812,2/8/2024,BF1548,Accessories,Female,34,Handbag,Miami,65,4,260,5
199077,3/24/2024,BF1544,Accessories,Male,23,Handbag,Memphis,9,1,9,5
134543,8/1/2024,BF1543,Footwear,Male,20,Sneakers,New Delhi,100,4,680,5
177295,4/5/2024,BF1548,Accessories,Female,24,Gloves,Manchester,65,2,210,5
195115,5/25/2024,BF1543,Footwear,Male,18,Shoes,Liverpool,100,2,280,4
134487,3/19/2024,BF1551,Outerwear,Male,22,Jacket,Austin,15,4,60,5
161617,5/1/2024,BF1553,Garment,Male,28,Shirt,New York,50,4,200,4
123244,11/30/2023,BF1551,Garment,Male,34,Shorts,Pittsburgh,15,3,45,3
124180,4/29/2024,BF1548,Accessories,Male,22,Jewelry,Detroit,65,2,130,4
199233,5/16/2024,BF1548,Accessories,Male,31,Hat,Miami,65,1,65,5
167366,12/26/2023,BF1550,Footwear,Female,25,Shoes,San Antonio,97,4,388,5
136897,5/20/2024,BF1552,Outerwear,Male,29,Coat,San Antonio,45,2,90,2
196235,2/24/2024,BF1548,Accessories,Male,29,Backpack,New York,65,5,325,5
121457,10/23/2024,BF1551,Garment,Male,18,Hoodie,Paris,15,1,65,4
197590,1/20/2024,BF1543,Garment,Male,19,Skirt,Portland,100,3,300,3
149173,7/5/2024,BF1545,Footwear,Female,23,Boots,New York,10,1,10,4
150160,6/25/2024,BF1551,Footwear,Female,20,Sandals,San Antonio,15,1,15,4
197758,3/15/2024,BF1546,Garment,Male,33,Pants,San Antonio,118,1,118,5
151631,5/1/2024,BF1551,Accessories,Male,26,Gloves,Portland,15,1,15,2
194418,9/2/2024,BF1548,Garment,Male,30,Skirt,Miami,65,4,260,4
183753,3/30/2024,BF1554,Footwear,Female,31,Sneakers,Cardiff,20,4,240,4
154579,3/27/2024,BF1550,Garment,Male,35,T-shirt,Glasgow,97,2,274,5
177667,8/20/2024,BF1552,Accessories,Male,22,Backpack,San Francisco,45,3,135,3
183737,12/19/2023,BF1551,Footwear,Male,34,Shoes,Austin,15,4,60,3
181320,5/31/2024,BF1551,Garment,Male,23,Hoodie,Montreal,15,1,40,2
166728,1/25/2024,BF1547,Garment,Male,29,Blouse,Memphis,32,1,32,3
180784,11/22/2023,BF1552,Outerwear,Male,28,Coat,Manchester,45,1,85,5
145855,6/26/2024,BF1548,Accessories,Female,22,Hat,Dublin,65,1,105,3
122636,4/18/2024,BF1553,Footwear,Male,29,Shoes,Portland,50,1,50,5
153495,5/5/2024,BF1545,Accessories,Male,28,Belt,Pittsburgh,10,1,10,4
195640,4/28/2024,BF1551,Accessories,Male,21,Backpack,Cleveland,15,3,45,1
122077,10/16/2024,BF1551,Outerwear,Male,25,Jacket,Portland,15,1,15,5
192918,8/9/2024,BF1554,Footwear,Male,18,Boots,Portland,20,1,20,4
188553,3/28/2024,BF1549,Accessories,Male,33,Scarf,Detroit,130,1,130,4
171654,6/21/2024,BF1548,Accessories,Male,32,Jewelry,San Antonio,65,2,130,4
167856,5/25/2024,BF1543,Accessories,Male,22,Hat,New Jersey,100,1,100,5
156566,11/20/2023,BF1550,Garment,Male,21,Dress,Miami,97,1,97,3
124563,12/29/2023,BF1548,Garment,Male,27,Blouse,Paris,65,1,115,4
122527,5/30/2024,BF1545,Accessories,Female,22,Hat,Detroit,10,1,10,5
132714,4/1/2024,BF1548,Accessories,Male,25,Scarf,Sacramento,65,1,65,1
160595,12/6/2023,BF1543,Footwear,Male,25,Sneakers,Portland,100,1,100,3
150539,6/26/2024,BF1549,Garment,Male,20,Shirt,Las Vegas,130,1,130,2
179061,2/7/2024,BF1550,Garment,Male,35,T-shirt,Sacramento,97,1,97,3
155374,5/1/2024,BF1548,Accessories,Male,21,Gloves,San Francisco,65,1,65,4
156992,7/28/2024,BF1545,Garment,Male,27,Skirt,Cardiff,10,3,150,4
180627,2/25/2024,BF1547,Footwear,Male,22,Sandals,New Delhi,32,1,102,5
132929,7/20/2024,BF1548,Outerwear,Male,25,Jacket,Las Vegas,65,1,65,4
169686,9/6/2024,BF1548,Garment,Male,18,Skirt,Miami,65,2,130,4
125304,6/14/2024,BF1548,Accessories,Male,28,Handbag,San Antonio,65,1,65,3
132537,3/29/2024,BF1551,Accessories,Female,31,Handbag,New York,15,3,45,5
142468,5/4/2024,BF1552,Outerwear,Female,33,Jacket,Las Vegas,45,2,90,5
170125,9/9/2024,BF1553,Accessories,Male,24,Scarf,Manchester,50,1,90,5
193227,5/30/2024,BF1551,Garment,Male,27,Shorts,New York,15,2,30,5
134411,7/13/2024,BF1543,Accessories,Male,32,Sunglasses,Cleveland,100,1,100,5
175881,5/30/2024,BF1545,Garment,Male,22,T-shirt,Memphis,10,1,10,5
159414,4/22/2024,BF1548,Accessories,Male,33,Belt,Cleveland,65,2,130,5
155137,12/6/2023,BF1544,Footwear,Female,22,Sneakers,Paris,9,2,118,2
174788,5/16/2024,BF1543,Accessories,Male,25,Hat,Pittsburgh,100,1,100,4
182604,4/19/2024,BF1554,Accessories,Male,21,Gloves,San Francisco,20,1,20,3
186493,5/4/2024,BF1543,Garment,Male,24,Pants,New Jersey,100,4,400,4
125592,9/10/2024,BF1544,Garment,Male,33,Socks,Liverpool,9,1,49,5
174567,4/12/2024,BF1543,Outerwear,Female,30,Jacket,San Francisco,100,4,400,1
177508,9/18/2024,BF1547,Footwear,Male,25,Shoes,Austin,32,1,32,4
131784,8/9/2024,BF1544,Garment,Female,30,Jeans,Portland,9,1,9,4
152883,8/31/2024,BF1544,Garment,Female,32,Socks,Cardiff,9,4,196,5
127588,11/29/2023,BF1551,Footwear,Female,28,Sandals,San Antonio,15,1,15,5
163608,3/5/2024,BF1550,Accessories,Male,31,Scarf,Memphis,97,1,97,1
159392,2/26/2024,BF1555,Garment,Male,34,Blouse,Memphis,23,1,23,1
157659,1/27/2024,BF1545,Accessories,Male,20,Jewelry,San Antonio,10,1,10,5
152161,3/25/2024,BF1543,Garment,Male,26,Sweater,San Francisco,100,2,200,4
138323,2/3/2024,BF1543,Accessories,Male,26,Gloves,Austin,100,2,200,4
145046,5/30/2024,BF1548,Accessories,Male,27,Sunglasses,San Francisco,65,1,65,4
162525,2/8/2024,BF1546,Outerwear,Male,23,Coat,Portland,118,2,236,4
189623,12/18/2023,BF1545,Garment,Female,25,Dress,Pittsburgh,10,3,30,3
180238,12/17/2023,BF1550,Garment,Male,34,Skirt,Las Vegas,97,1,97,5
131954,9/8/2024,BF1547,Garment,Female,22,Pants,San Francisco,32,1,32,2
168008,6/16/2024,BF1548,Garment,Male,34,Sweater,Toronto,65,1,90,5
147877,10/5/2024,BF1551,Garment,Male,35,Hoodie,Memphis,15,2,30,2
128702,8/20/2024,BF1551,Outerwear,Male,34,Coat,San Francisco,15,1,15,4
151291,2/13/2024,BF1546,Accessories,Male,29,Jewelry,Glasgow,118,1,158,1
148784,11/5/2023,BF1554,Accessories,Male,21,Belt,New Jersey,20,4,80,5
183686,6/10/2024,BF1553,Footwear,Female,24,Sandals,Cardiff,50,1,90,5
133696,7/4/2024,BF1548,Accessories,Male,28,Sunglasses,Las Vegas,65,4,260,1
120627,2/22/2024,BF1551,Garment,Male,21,Sweater,Austin,15,1,15,5
172867,3/15/2024,BF1548,Accessories,Female,25,Belt,Cardiff,65,2,210,5
155930,1/4/2024,BF1548,Accessories,Male,28,Handbag,Detroit,65,1,65,5
172590,10/29/2024,BF1548,Garment,Male,29,Skirt,San Francisco,65,4,260,1
198462,8/1/2024,BF1550,Accessories,Male,26,Handbag,Pittsburgh,97,2,194,3
175187,12/21/2023,BF1548,Garment,Female,22,Shorts,Austin,65,2,130,5
187024,5/26/2024,BF1546,Footwear,Female,27,Boots,Mumbai,118,1,188,5
143346,9/26/2024,BF1550,Accessories,Male,29,Sunglasses,Cleveland,97,3,291,1
169574,12/6/2023,BF1554,Accessories,Female,25,Scarf,San Antonio,20,1,20,4
124594,6/14/2024,BF1549,Accessories,Male,27,Jewelry,Detroit,130,4,520,5
124346,10/24/2024,BF1548,Accessories,Male,21,Handbag,New Delhi,65,1,135,5
136137,3/26/2024,BF1546,Accessories,Male,32,Gloves,Glasgow,118,1,158,3
127778,12/7/2023,BF1548,Garment,Male,19,Jeans,Dublin,65,1,105,4
129800,7/15/2024,BF1549,Accessories,Male,18,Hat,Montreal,130,1,155,3
194324,1/7/2024,BF1548,Garment,Male,19,Jeans,Glasgow,65,3,315,3
162134,12/9/2023,BF1551,Garment,Female,28,Pants,Pittsburgh,15,2,30,3
176186,9/16/2024,BF1544,Garment,Male,30,Shorts,Sacramento,9,1,9,5
170835,5/8/2024,BF1544,Garment,Female,22,Pants,New York,9,1,9,2
131976,5/9/2024,BF1548,Accessories,Male,30,Backpack,Sacramento,65,3,195,4
183810,10/11/2024,BF1554,Accessories,Female,30,Jewelry,Manchester,20,1,60,5
139408,2/25/2024,BF1545,Garment,Female,18,Sweater,Austin,10,1,10,5
165573,7/8/2024,BF1543,Footwear,Male,25,Shoes,San Francisco,100,1,100,4
176660,2/21/2024,BF1552,Garment,Male,19,Blouse,Pittsburgh,45,1,45,5
142333,12/8/2023,BF1543,Garment,Male,25,Jeans,Cleveland,100,1,100,1
145167,11/7/2023,BF1544,Accessories,Female,33,Sunglasses,London,9,3,147,4
157577,11/6/2023,BF1548,Accessories,Male,22,Jewelry,Portland,65,1,65,1
135350,1/15/2024,BF1545,Outerwear,Female,19,Coat,Liverpool,10,1,50,5
120568,12/20/2023,BF1548,Accessories,Male,33,Jewelry,Las Vegas,65,1,65,4
160095,3/14/2024,BF1551,Accessories,Male,27,Backpack,Sacramento,15,1,15,4
179056,5/5/2024,BF1549,Garment,Male,21,Skirt,New Delhi,130,1,200,5
165451,4/8/2024,BF1544,Garment,Male,19,Shirt,San Francisco,9,4,36,1
121799,7/1/2024,BF1548,Garment,Male,24,Sweater,San Antonio,65,2,130,3
123216,5/26/2024,BF1548,Footwear,Male,29,Sneakers,San Antonio,65,1,65,4
140248,3/17/2024,BF1554,Footwear,Male,25,Sandals,Austin,20,1,20,4
137696,5/30/2024,BF1549,Accessories,Male,35,Belt,Las Vegas,130,1,130,3
181638,3/26/2024,BF1545,Garment,Male,21,Skirt,Memphis,10,1,10,1
151980,6/6/2024,BF1550,Garment,Male,23,Sweater,Sacramento,97,2,194,5
148836,5/20/2024,BF1543,Garment,Male,32,Skirt,Toronto,100,1,125,5
174505,5/4/2024,BF1549,Accessories,Male,19,Handbag,Liverpool,130,2,340,1
173095,2/25/2024,BF1551,Accessories,Female,21,Jewelry,Paris,15,3,195,4
164321,10/23/2024,BF1550,Accessories,Female,29,Scarf,San Antonio,97,1,97,2
126695,9/25/2024,BF1550,Garment,Male,27,T-shirt,Sydney,97,1,197,5
134130,3/25/2024,BF1551,Outerwear,Male,31,Coat,Portland,15,5,75,4
139393,3/20/2024,BF1551,Garment,Female,29,T-shirt,New Delhi,15,1,85,1
195939,9/21/2024,BF1545,Garment,Female,22,Dress,Austin,10,5,50,1
140569,11/10/2023,BF1551,Footwear,Male,24,Shoes,San Antonio,15,1,15,5
154216,4/1/2024,BF1543,Accessories,Male,30,Handbag,New Delhi,100,3,510,3
121139,7/28/2024,BF1555,Garment,Female,25,Skirt,Toronto,23,1,48,5
174578,12/6/2023,BF1548,Accessories,Male,20,Sunglasses,San Antonio,65,2,130,2
136284,10/18/2024,BF1546,Footwear,Male,30,Sandals,New Delhi,118,1,188,4
174848,1/8/2024,BF1544,Footwear,Female,33,Shoes,Sacramento,9,1,9,4
143605,7/9/2024,BF1548,Garment,Male,32,T-shirt,Miami,65,1,65,5
175671,12/30/2023,BF1543,Footwear,Male,35,Sneakers,New Jersey,100,1,100,5
134459,7/22/2024,BF1544,Accessories,Male,18,Hat,Memphis,9,2,18,3
172320,10/20/2024,BF1545,Garment,Male,21,Skirt,Sacramento,10,4,40,3
132074,5/14/2024,BF1543,Garment,Male,23,Sweater,Mumbai,100,1,170,3
131113,10/15/2024,BF1550,Footwear,Male,33,Sandals,Detroit,97,1,97,5
120352,3/12/2024,BF1552,Garment,Male,30,Dress,San Antonio,45,1,45,5
141396,11/10/2023,BF1547,Garment,Male,29,Sweater,Cleveland,32,3,96,4
175005,1/8/2024,BF1550,Outerwear,Male,33,Jacket,New Jersey,97,1,97,1
194465,8/17/2024,BF1548,Accessories,Male,32,Gloves,Liverpool,65,2,210,1
155578,8/30/2024,BF1555,Accessories,Female,22,Handbag,Las Vegas,23,1,23,4
186982,2/9/2024,BF1548,Garment,Male,30,Dress,Austin,65,1,65,5
169541,1/24/2024,BF1543,Garment,Female,20,Pants,Cardiff,100,2,280,2
131028,1/26/2024,BF1544,Garment,Female,26,Jeans,Las Vegas,9,1,9,3
154809,12/6/2023,BF1543,Garment,Female,32,Pants,New York,100,2,200,2
153900,3/15/2024,BF1546,Garment,Female,22,Dress,Sacramento,118,3,354,5
197147,2/5/2024,BF1546,Garment,Female,34,Pants,Sacramento,118,1,118,5
163287,3/7/2024,BF1551,Accessories,Female,29,Jewelry,Sydney,15,1,115,4
121864,6/21/2024,BF1547,Accessories,Male,28,Handbag,Pittsburgh,32,1,32,4
164997,2/24/2024,BF1550,Garment,Female,27,Sweater,Sacramento,97,1,97,1
132072,5/30/2024,BF1546,Accessories,Male,35,Backpack,Mumbai,118,1,188,3
170544,4/29/2024,BF1545,Garment,Male,24,Shorts,Manchester,10,1,50,4
199094,9/2/2024,BF1543,Accessories,Male,21,Jewelry,San Francisco,100,1,100,3
164930,8/23/2024,BF1548,Footwear,Male,31,Sneakers,Miami,65,1,65,1
154335,8/31/2024,BF1545,Accessories,Male,33,Belt,Mumbai,10,3,240,2
154035,7/7/2024,BF1545,Garment,Male,23,Hoodie,Pittsburgh,10,1,10,4
150609,1/20/2024,BF1544,Garment,Male,31,Shirt,Detroit,9,1,9,5
121253,7/25/2024,BF1548,Garment,Female,23,Pants,New Jersey,65,2,130,1
131772,7/28/2024,BF1550,Accessories,Female,32,Scarf,Detroit,97,1,97,5
192102,9/12/2024,BF1543,Outerwear,Male,29,Coat,New York,100,1,100,1
185474,3/25/2024,BF1551,Outerwear,Male,31,Coat,Las Vegas,15,1,15,3
148511,8/12/2024,BF1551,Garment,Male,23,Socks,Paris,15,4,260,3
158274,9/23/2024,BF1554,Garment,Male,22,Sweater,Las Vegas,20,1,20,1
153865,6/5/2024,BF1549,Garment,Male,34,Shirt,New Jersey,130,1,130,3
196110,7/19/2024,BF1551,Garment,Male,20,Shirt,Toronto,15,1,40,5
132191,8/23/2024,BF1555,Garment,Male,34,Sweater,Portland,23,1,23,2
126716,2/18/2024,BF1546,Garment,Female,20,Blouse,Dublin,118,1,158,1
130115,12/2/2023,BF1548,Garment,Female,32,Sweater,New Jersey,65,2,130,2
149918,1/9/2024,BF1551,Accessories,Male,27,Hat,San Antonio,15,1,15,5
188473,5/29/2024,BF1550,Garment,Male,35,Sweater,Memphis,97,2,194,3
171437,5/5/2024,BF1547,Garment,Female,19,Hoodie,Toronto,32,2,114,3
190595,11/13/2023,BF1548,Garment,Male,24,Shorts,Mumbai,65,5,675,3
169605,6/16/2024,BF1544,Garment,Female,35,Shorts,Pittsburgh,9,1,9,4
135743,2/4/2024,BF1548,Accessories,Female,26,Hat,Toronto,65,2,180,5
175772,11/19/2023,BF1554,Outerwear,Male,31,Coat,Cleveland,20,3,60,5
193512,8/29/2024,BF1548,Footwear,Male,31,Sandals,Portland,65,2,130,4
194885,8/6/2024,BF1545,Garment,Male,26,Skirt,San Antonio,10,1,10,2
191253,4/10/2024,BF1554,Footwear,Female,22,Shoes,New Delhi,20,1,90,2
164429,6/1/2024,BF1548,Garment,Male,32,Jeans,Detroit,65,1,65,4
163652,3/8/2024,BF1552,Footwear,Male,21,Sandals,Cardiff,45,1,85,3
156238,3/9/2024,BF1548,Garment,Female,34,Blouse,New Jersey,65,1,65,4
137335,1/23/2024,BF1548,Accessories,Male,32,Hat,Miami,65,2,130,5
164710,1/12/2024,BF1550,Garment,Female,23,Sweater,San Francisco,97,5,485,4
144250,1/29/2024,BF1554,Garment,Male,35,Skirt,Austin,20,1,20,5
154475,3/11/2024,BF1546,Garment,Female,32,Jeans,Miami,118,1,118,5
126063,5/10/2024,BF1546,Footwear,Male,23,Sneakers,Glasgow,118,1,158,1
173500,2/21/2024,BF1547,Accessories,Male,20,Jewelry,New Delhi,32,2,204,3
192222,1/14/2024,BF1543,Accessories,Female,22,Jewelry,Sacramento,100,2,200,5
187149,2/21/2024,BF1547,Garment,Male,30,Pants,Glasgow,32,1,72,4
199528,3/26/2024,BF1548,Accessories,Female,32,Belt,New York,65,1,65,4
120190,9/2/2024,BF1543,Accessories,Female,24,Hat,New Jersey,100,1,100,5
168218,10/16/2024,BF1551,Footwear,Female,25,Sneakers,Portland,15,1,15,4
177905,9/5/2024,BF1543,Garment,Female,19,Pants,Mumbai,100,2,340,5
132552,7/15/2024,BF1543,Garment,Male,27,T-shirt,Sydney,100,1,200,5
138847,3/9/2024,BF1543,Footwear,Male,29,Sneakers,Pittsburgh,100,1,100,2
159904,6/2/2024,BF1550,Garment,Male,32,Shorts,Pittsburgh,97,1,97,5
136209,9/27/2024,BF1554,Footwear,Female,19,Shoes,Cardiff,20,1,60,4
187754,2/15/2024,BF1546,Accessories,Female,24,Gloves,Cleveland,118,1,118,4
191207,4/10/2024,BF1544,Garment,Male,34,Socks,Austin,9,1,9,2
159855,3/12/2024,BF1544,Garment,Female,25,Dress,Paris,9,1,59,4
142658,7/7/2024,BF1551,Accessories,Male,20,Handbag,San Antonio,15,1,15,2
123723,4/27/2024,BF1552,Accessories,Female,21,Belt,Austin,45,1,45,4
183519,10/14/2024,BF1543,Accessories,Female,31,Scarf,Sydney,100,4,800,5
190785,8/24/2024,BF1550,Footwear,Male,35,Sneakers,Mumbai,97,1,167,3
164015,4/11/2024,BF1550,Garment,Female,33,Sweater,Liverpool,97,3,411,5
174847,5/29/2024,BF1548,Outerwear,Female,22,Coat,Detroit,65,1,65,5
126481,5/29/2024,BF1545,Accessories,Male,34,Jewelry,Dublin,10,2,100,5
127736,5/13/2024,BF1548,Accessories,Male,27,Sunglasses,Dublin,65,2,210,4
171105,8/25/2024,BF1545,Footwear,Female,32,Shoes,Liverpool,10,2,100,1
122837,3/21/2024,BF1551,Accessories,Male,25,Scarf,Dublin,15,2,110,4
194005,4/21/2024,BF1554,Garment,Female,25,Dress,Montreal,20,1,45,4
149467,4/25/2024,BF1551,Garment,Male,32,T-shirt,Pittsburgh,15,1,15,3
121315,11/17/2023,BF1548,Accessories,Female,34,Backpack,Cleveland,65,2,130,4
156882,11/27/2023,BF1548,Accessories,Male,28,Jewelry,Las Vegas,65,1,65,4
196656,10/19/2024,BF1551,Garment,Female,26,Jeans,San Francisco,15,4,60,5
198335,8/19/2024,BF1552,Accessories,Male,22,Sunglasses,Dublin,45,1,85,5
192017,6/24/2024,BF1553,Garment,Male,25,Sweater,San Francisco,50,1,50,5
134489,5/8/2024,BF1548,Garment,Male,28,Shorts,Sydney,65,1,165,2
140652,1/6/2024,BF1549,Accessories,Male,31,Jewelry,New Jersey,130,3,390,4
168238,5/25/2024,BF1547,Outerwear,Male,27,Coat,Portland,32,1,32,5
128140,5/30/2024,BF1549,Accessories,Female,33,Handbag,Detroit,130,2,260,5
155674,10/5/2024,BF1543,Footwear,Female,22,Boots,Portland,100,5,500,3
120323,11/10/2023,BF1544,Accessories,Female,32,Gloves,Sacramento,9,2,18,4
134384,5/24/2024,BF1551,Garment,Female,29,Sweater,Montreal,15,2,80,4
197602,2/4/2024,BF1547,Garment,Male,22,T-shirt,Sydney,32,1,132,4
157163,2/26/2024,BF1548,Footwear,Male,19,Shoes,Cardiff,65,1,105,4
179260,4/7/2024,BF1548,Accessories,Male,22,Scarf,Austin,65,1,65,2
144854,1/7/2024,BF1549,Footwear,Female,33,Sneakers,Paris,130,1,180,3
182391,11/26/2023,BF1552,Garment,Female,35,Dress,Montreal,45,1,70,1
194674,4/5/2024,BF1548,Accessories,Female,23,Belt,Sydney,65,3,495,3
172567,1/12/2024,BF1549,Footwear,Male,28,Boots,Memphis,130,1,130,3
146403,2/2/2024,BF1548,Accessories,Male,24,Scarf,Pittsburgh,65,1,65,1
149469,9/6/2024,BF1545,Footwear,Male,27,Boots,Austin,10,1,10,2
128969,7/2/2024,BF1547,Garment,Male,20,T-shirt,Detroit,32,1,32,4
126593,4/21/2024,BF1550,Accessories,Male,33,Backpack,San Antonio,97,1,97,2
131062,12/19/2023,BF1547,Footwear,Male,18,Sneakers,San Antonio,32,3,96,5
173855,1/25/2024,BF1548,Garment,Female,24,T-shirt,Las Vegas,65,1,65,1
169271,5/16/2024,BF1551,Garment,Male,22,Jeans,Las Vegas,15,4,60,4
160594,4/15/2024,BF1552,Accessories,Female,22,Gloves,San Antonio,45,1,45,4
154895,6/19/2024,BF1551,Garment,Female,26,Hoodie,New York,15,1,15,4
186359,12/19/2023,BF1553,Footwear,Male,30,Sneakers,Manchester,50,1,90,3
190169,5/11/2024,BF1548,Garment,Male,26,Shorts,Miami,65,4,260,3
134511,2/21/2024,BF1546,Garment,Male,28,Sweater,Austin,118,1,118,5
180050,1/29/2024,BF1549,Garment,Male,24,Jeans,Cleveland,130,1,130,5
173197,1/6/2024,BF1552,Outerwear,Female,27,Jacket,Montreal,45,1,70,5
156778,5/22/2024,BF1546,Accessories,Female,18,Jewelry,Las Vegas,118,1,118,1
174964,6/6/2024,BF1548,Accessories,Male,31,Backpack,San Antonio,65,1,65,4
174375,4/13/2024,BF1548,Outerwear,Female,24,Coat,Las Vegas,65,4,260,5
180752,9/10/2024,BF1544,Accessories,Female,29,Belt,Sacramento,9,1,9,5
140830,12/12/2023,BF1545,Footwear,Male,24,Sandals,Portland,10,1,10,1
177728,10/23/2024,BF1544,Garment,Male,34,Sweater,Paris,9,1,59,5
145199,2/29/2024,BF1545,Garment,Male,21,Shorts,Detroit,10,3,30,4
192160,3/20/2024,BF1550,Garment,Male,27,Socks,Austin,97,1,97,5
197764,8/11/2024,BF1546,Garment,Male,24,Shirt,Austin,118,1,118,4
120108,8/21/2024,BF1543,Garment,Male,19,Pants,Mumbai,100,1,170,3
157609,12/24/2023,BF1548,Accessories,Female,23,Scarf,San Francisco,65,4,260,5
197138,6/4/2024,BF1544,Garment,Male,31,Sweater,London,9,1,49,5
126538,2/20/2024,BF1544,Garment,Male,30,Jeans,Memphis,9,1,9,3
178483,4/16/2024,BF1550,Garment,Male,32,Pants,Portland,97,1,97,1
137540,2/22/2024,BF1554,Accessories,Male,26,Backpack,Austin,20,1,20,4
123918,2/6/2024,BF1551,Outerwear,Male,23,Coat,New Delhi,15,1,85,2
146936,8/22/2024,BF1550,Footwear,Female,25,Sandals,Montreal,97,1,122,4
192789,6/30/2024,BF1552,Garment,Female,19,Shirt,Paris,45,2,190,3
190081,3/27/2024,BF1544,Accessories,Male,27,Hat,Austin,9,2,18,5
166538,2/13/2024,BF1548,Garment,Male,25,Shirt,Austin,65,1,65,3
143726,1/27/2024,BF1546,Garment,Male,19,Skirt,San Antonio,118,3,354,3
188248,6/28/2024,BF1546,Footwear,Male,29,Shoes,London,118,2,316,3
122049,4/19/2024,BF1548,Outerwear,Female,25,Coat,Pittsburgh,65,3,195,4
147601,7/12/2024,BF1549,Garment,Male,26,Pants,San Francisco,130,5,650,5
167978,8/7/2024,BF1547,Accessories,Male,18,Jewelry,Toronto,32,3,171,5
189388,11/16/2023,BF1552,Accessories,Male,28,Belt,Dublin,45,2,170,1
176736,6/10/2024,BF1548,Outerwear,Female,28,Jacket,Manchester,65,3,315,4
160863,12/6/2023,BF1544,Garment,Male,18,Shirt,Toronto,9,1,34,4
150964,8/18/2024,BF1546,Garment,Male,24,Hoodie,Austin,118,2,236,5
136185,10/14/2024,BF1548,Accessories,Female,24,Sunglasses,Austin,65,1,65,1
139978,12/11/2023,BF1543,Accessories,Male,29,Sunglasses,Memphis,100,1,100,5
176229,7/31/2024,BF1545,Garment,Male,26,Dress,Las Vegas,10,4,40,2
183241,4/23/2024,BF1543,Footwear,Female,22,Boots,London,100,1,140,3
151600,5/17/2024,BF1552,Garment,Female,25,Shirt,New York,45,1,45,2
199570,11/26/2023,BF1548,Garment,Female,32,Shorts,Las Vegas,65,1,65,1
165455,12/3/2023,BF1554,Accessories,Male,34,Gloves,Mumbai,20,1,90,2
189646,1/27/2024,BF1551,Accessories,Male,27,Jewelry,Liverpool,15,1,55,2
147900,12/22/2023,BF1543,Footwear,Male,33,Boots,Portland,100,1,100,1
153362,1/5/2024,BF1543,Accessories,Female,35,Jewelry,New Jersey,100,2,200,3
153196,1/18/2024,BF1551,Garment,Female,25,Pants,San Francisco,15,4,60,4
197037,9/30/2024,BF1543,Accessories,Male,21,Jewelry,Mumbai,100,1,170,1
162810,3/4/2024,BF1553,Outerwear,Male,28,Jacket,Dublin,50,1,90,4
197962,4/6/2024,BF1550,Garment,Male,35,Blouse,Manchester,97,4,548,4
149391,3/31/2024,BF1545,Garment,Male,26,Blouse,Las Vegas,10,1,10,4
152583,12/28/2023,BF1551,Accessories,Male,24,Gloves,New York,15,1,15,3
154608,1/4/2024,BF1548,Garment,Female,27,Shorts,Pittsburgh,65,1,65,5
162649,9/14/2024,BF1550,Accessories,Male,27,Hat,Memphis,97,2,194,2
159845,4/16/2024,BF1543,Footwear,Male,29,Shoes,Glasgow,100,5,700,5
139934,12/8/2023,BF1543,Footwear,Male,26,Boots,Austin,100,5,500,5
130297,4/11/2024,BF1546,Outerwear,Male,26,Jacket,Portland,118,1,118,5
165120,7/7/2024,BF1544,Accessories,Male,22,Jewelry,New York,9,1,9,2
140362,6/6/2024,BF1548,Accessories,Male,26,Sunglasses,Cleveland,65,1,65,4
133692,9/15/2024,BF1550,Garment,Female,33,Skirt,Mumbai,97,1,167,4
189813,12/15/2023,BF1547,Garment,Female,23,Jeans,New York,32,2,64,5
124577,1/12/2024,BF1554,Accessories,Female,31,Backpack,Cleveland,20,2,40,2
155326,1/11/2024,BF1545,Accessories,Male,25,Backpack,Liverpool,10,3,150,3
188688,12/25/2023,BF1551,Garment,Male,25,Shorts,San Antonio,15,1,15,1
171132,4/4/2024,BF1548,Garment,Male,28,Dress,San Antonio,65,3,195,4
155040,12/21/2023,BF1554,Accessories,Male,22,Scarf,Pittsburgh,20,1,20,5
190024,8/24/2024,BF1549,Garment,Male,24,Jeans,Miami,130,4,520,4
163415,6/29/2024,BF1549,Outerwear,Male,32,Coat,Miami,130,2,260,4
136089,10/7/2024,BF1551,Garment,Female,22,Sweater,New Jersey,15,1,15,5
134474,7/12/2024,BF1544,Footwear,Male,29,Sneakers,Montreal,9,3,102,2
138477,3/8/2024,BF1547,Accessories,Male,18,Scarf,Paris,32,2,164,5
162639,6/9/2024,BF1548,Garment,Male,23,Sweater,Pittsburgh,65,1,65,1
198155,10/29/2024,BF1552,Accessories,Male,29,Jewelry,Liverpool,45,2,170,3
156685,10/18/2024,BF1545,Accessories,Female,20,Handbag,Mumbai,10,1,80,4
163551,8/3/2024,BF1546,Garment,Male,21,Hoodie,Mumbai,118,1,188,3
195492,10/16/2024,BF1548,Accessories,Female,22,Hat,New Jersey,65,1,65,5
183914,5/30/2024,BF1550,Accessories,Male,29,Belt,San Francisco,97,3,291,3
152828,3/10/2024,BF1545,Garment,Male,21,Hoodie,Montreal,10,1,35,3
128648,1/24/2024,BF1554,Accessories,Male,31,Hat,San Francisco,20,1,20,3
183243,10/3/2024,BF1553,Footwear,Female,21,Shoes,Austin,50,3,150,5
136489,1/1/2024,BF1545,Footwear,Male,34,Sandals,New Jersey,10,5,50,4
124698,6/21/2024,BF1545,Outerwear,Male,34,Jacket,Cleveland,10,1,10,5
175953,2/15/2024,BF1548,Garment,Male,24,Sweater,Las Vegas,65,1,65,5
131615,11/6/2023,BF1548,Garment,Male,34,Socks,Las Vegas,65,1,65,4
181199,8/13/2024,BF1548,Footwear,Male,23,Sneakers,New Jersey,65,1,65,2
177060,6/3/2024,BF1547,Outerwear,Female,31,Coat,Dublin,32,1,72,3
129936,5/13/2024,BF1548,Garment,Female,25,Shirt,Sacramento,65,3,195,5
183383,11/10/2023,BF1549,Accessories,Male,33,Backpack,Toronto,130,3,465,3
125499,11/24/2023,BF1554,Footwear,Female,27,Boots,London,20,1,60,1
142939,4/1/2024,BF1550,Accessories,Male,35,Handbag,Memphis,97,1,97,4
197231,9/16/2024,BF1551,Garment,Female,35,Dress,Mumbai,15,3,255,3
137588,11/17/2023,BF1546,Footwear,Female,31,Sneakers,Memphis,118,1,118,1
122243,7/3/2024,BF1546,Footwear,Male,27,Boots,New York,118,1,118,3
131347,4/15/2024,BF1550,Footwear,Female,32,Shoes,New Jersey,97,1,97,4
135019,4/28/2024,BF1549,Garment,Male,21,T-shirt,New Jersey,130,3,390,4
194115,5/16/2024,BF1550,Footwear,Male,29,Boots,Dublin,97,2,274,3
187133,8/23/2024,BF1548,Garment,Male,18,Pants,Las Vegas,65,1,65,1
138310,1/2/2024,BF1554,Footwear,Male,27,Shoes,Toronto,20,1,45,1
159717,3/5/2024,BF1544,Footwear,Male,31,Shoes,Liverpool,9,1,49,2
194739,11/28/2023,BF1548,Garment,Male,26,T-shirt,Sydney,65,3,495,5
169492,6/2/2024,BF1543,Accessories,Male,18,Scarf,San Francisco,100,1,100,2
140942,4/20/2024,BF1554,Garment,Male,20,Shorts,Portland,20,1,20,4
125236,1/28/2024,BF1551,Accessories,Male,34,Jewelry,Dublin,15,1,55,4
136832,5/27/2024,BF1544,Garment,Male,31,T-shirt,Cleveland,9,2,18,3
131326,8/7/2024,BF1548,Garment,Male,29,Shirt,Las Vegas,65,4,260,4
160281,6/4/2024,BF1546,Garment,Male,29,Shirt,Pittsburgh,118,1,118,3
134506,8/16/2024,BF1548,Accessories,Male,32,Gloves,Cardiff,65,1,105,4
144360,9/23/2024,BF1543,Accessories,Male,33,Scarf,Sydney,100,3,600,4
140139,1/10/2024,BF1548,Garment,Male,23,Skirt,San Antonio,65,1,65,4
194007,10/8/2024,BF1548,Accessories,Male,30,Hat,Austin,65,4,260,1
140645,4/19/2024,BF1549,Garment,Female,31,Hoodie,San Antonio,130,1,130,2
121165,6/10/2024,BF1550,Footwear,Female,31,Boots,Paris,97,1,147,1
175254,9/20/2024,BF1550,Garment,Male,18,Blouse,Sydney,97,1,197,3
139385,1/7/2024,BF1548,Accessories,Male,35,Belt,Liverpool,65,2,210,4
171016,3/8/2024,BF1551,Accessories,Male,32,Sunglasses,Portland,15,2,30,5
155223,4/5/2024,BF1555,Garment,Male,29,Shorts,London,23,1,63,1
161761,12/23/2023,BF1544,Accessories,Female,33,Gloves,New York,9,1,9,4
132588,5/25/2024,BF1547,Footwear,Male,23,Sandals,Las Vegas,32,1,32,4
182107,8/22/2024,BF1552,Garment,Male,18,Shirt,Memphis,45,1,45,5
160400,2/2/2024,BF1550,Outerwear,Male,23,Coat,New York,97,2,194,4
152762,1/12/2024,BF1548,Garment,Male,18,Pants,Glasgow,65,1,105,5
187083,2/6/2024,BF1548,Garment,Male,27,T-shirt,San Antonio,65,1,65,4
120138,9/29/2024,BF1545,Footwear,Male,32,Sneakers,Miami,10,1,10,5
130913,9/11/2024,BF1550,Garment,Male,26,Shorts,Montreal,97,1,122,4
184655,8/25/2024,BF1548,Outerwear,Female,23,Coat,Toronto,65,4,360,1
150249,11/10/2023,BF1543,Footwear,Male,25,Sandals,Sacramento,100,1,100,4
157736,8/13/2024,BF1548,Garment,Male,29,Pants,Austin,65,1,65,4
137905,8/1/2024,BF1553,Footwear,Female,34,Sandals,Memphis,50,2,100,5
189998,10/31/2024,BF1543,Accessories,Male,19,Gloves,London,100,1,140,2
196627,7/27/2024,BF1544,Garment,Male,18,T-shirt,San Francisco,9,1,9,4
138928,7/16/2024,BF1544,Outerwear,Female,26,Jacket,Las Vegas,9,2,18,5
138464,3/22/2024,BF1543,Garment,Male,35,Blouse,Glasgow,100,1,140,4
130845,12/5/2023,BF1551,Garment,Male,34,Socks,Pittsburgh,15,2,30,3
168931,5/16/2024,BF1551,Outerwear,Male,30,Coat,Austin,15,3,45,3
165303,4/26/2024,BF1546,Garment,Male,33,Dress,Las Vegas,118,1,118,5
125823,2/17/2024,BF1551,Outerwear,Female,33,Jacket,Manchester,15,1,55,2
124604,11/9/2023,BF1543,Footwear,Male,30,Boots,San Antonio,100,1,100,2
198014,11/3/2024,BF1548,Garment,Male,24,Skirt,Memphis,65,1,65,5
173065,3/2/2024,BF1544,Footwear,Female,23,Sandals,Memphis,9,1,9,4
141401,7/20/2024,BF1550,Outerwear,Male,31,Coat,Portland,97,2,194,2
139338,6/12/2024,BF1544,Garment,Male,35,Hoodie,San Antonio,9,2,18,5
183022,7/3/2024,BF1548,Outerwear,Female,30,Jacket,Detroit,65,2,130,5
163194,4/17/2024,BF1548,Accessories,Male,26,Backpack,Pittsburgh,65,1,65,5
173401,2/15/2024,BF1544,Accessories,Male,25,Backpack,New Delhi,9,1,79,5
177336,12/28/2023,BF1554,Accessories,Male,28,Belt,New York,20,1,20,3
152560,9/10/2024,BF1549,Outerwear,Male,27,Coat,Mumbai,130,1,200,4
186275,2/15/2024,BF1552,Garment,Male,23,T-shirt,New Delhi,45,1,115,5
157642,2/13/2024,BF1546,Accessories,Female,30,Sunglasses,Detroit,118,1,118,4
185846,9/13/2024,BF1555,Footwear,Male,26,Sneakers,Glasgow,23,1,63,5
174321,3/23/2024,BF1545,Accessories,Male,28,Gloves,Austin,10,1,10,5
133482,11/9/2023,BF1548,Outerwear,Male,31,Coat,Austin,65,3,195,4
122762,4/10/2024,BF1545,Garment,Male,33,Shirt,Liverpool,10,1,50,5
145566,7/25/2024,BF1544,Footwear,Male,34,Sneakers,Austin,9,1,9,5
132258,7/31/2024,BF1549,Accessories,Male,29,Scarf,San Antonio,130,1,130,5
173768,3/13/2024,BF1554,Accessories,Female,31,Jewelry,San Antonio,20,2,40,4
196111,12/1/2023,BF1548,Outerwear,Male,20,Jacket,Miami,65,1,65,4
190614,1/24/2024,BF1548,Garment,Female,20,Jeans,New Jersey,65,1,65,4
192736,2/26/2024,BF1551,Footwear,Male,30,Shoes,Las Vegas,15,4,60,5
165816,6/27/2024,BF1552,Garment,Male,34,Hoodie,Cardiff,45,1,85,5
154891,3/22/2024,BF1553,Accessories,Male,32,Backpack,Sacramento,50,1,50,4
128814,2/26/2024,BF1550,Footwear,Female,27,Sneakers,London,97,1,137,3
144752,8/5/2024,BF1546,Garment,Female,19,Blouse,Miami,118,1,118,5
189393,2/18/2024,BF1546,Garment,Male,22,Pants,Mumbai,118,4,752,4
176166,9/20/2024,BF1548,Garment,Female,29,Skirt,Cleveland,65,1,65,5
159260,3/19/2024,BF1548,Garment,Female,21,T-shirt,Memphis,65,1,65,4
174137,11/11/2023,BF1544,Outerwear,Male,32,Jacket,New Jersey,9,3,27,5
173919,9/7/2024,BF1545,Accessories,Male,35,Scarf,Portland,10,1,10,1
178942,10/12/2024,BF1543,Garment,Male,32,Pants,San Francisco,100,3,300,4
166788,10/7/2024,BF1554,Footwear,Female,32,Sneakers,New Delhi,20,2,180,2
168731,5/6/2024,BF1548,Garment,Male,30,Jeans,Toronto,65,1,90,4
126549,3/31/2024,BF1551,Accessories,Female,28,Hat,New Delhi,15,1,85,3
158117,6/9/2024,BF1548,Garment,Male,18,Skirt,Pittsburgh,65,2,130,3
191374,7/13/2024,BF1545,Footwear,Male,26,Sandals,Glasgow,10,3,150,4
180678,12/26/2023,BF1544,Footwear,Male,27,Sandals,Detroit,9,1,9,5
167127,9/17/2024,BF1550,Garment,Female,26,Sweater,San Antonio,97,1,97,5
183542,1/14/2024,BF1544,Garment,Male,25,Sweater,Austin,9,2,18,5
124951,10/25/2024,BF1544,Outerwear,Male,20,Jacket,San Francisco,9,4,36,3
181709,12/24/2023,BF1548,Garment,Male,19,Shorts,Detroit,65,1,65,4
151474,8/22/2024,BF1552,Garment,Male,34,Socks,New Delhi,45,1,115,2
143185,1/16/2024,BF1548,Garment,Female,35,Socks,Detroit,65,1,65,5
153035,9/15/2024,BF1551,Garment,Male,20,Hoodie,Sacramento,15,1,15,5
182960,11/14/2023,BF1544,Garment,Female,21,Socks,Liverpool,9,2,98,1
184479,5/5/2024,BF1543,Footwear,Female,19,Boots,New Delhi,100,2,340,1
152083,8/5/2024,BF1543,Garment,Male,30,Shirt,San Antonio,100,2,200,5
160004,9/11/2024,BF1547,Accessories,Male,27,Belt,Portland,32,3,96,1
167502,8/20/2024,BF1554,Accessories,Male,35,Backpack,San Francisco,20,1,20,4
139478,6/4/2024,BF1551,Footwear,Male,32,Boots,Portland,15,1,15,1
152471,11/25/2023,BF1545,Outerwear,Male,23,Coat,Cardiff,10,3,150,3
175572,2/28/2024,BF1544,Garment,Female,24,Hoodie,Sydney,9,1,109,5
136574,2/10/2024,BF1546,Footwear,Male,34,Shoes,Memphis,118,1,118,1
196679,7/2/2024,BF1550,Footwear,Male,28,Shoes,London,97,1,137,5
150201,5/12/2024,BF1552,Accessories,Male,24,Jewelry,Memphis,45,1,45,4
151535,3/3/2024,BF1547,Garment,Male,29,Dress,Toronto,32,3,171,1
149707,5/23/2024,BF1551,Footwear,Male,32,Boots,Austin,15,4,60,5
151351,1/13/2024,BF1548,Accessories,Male,34,Hat,New Jersey,65,1,65,4
138921,2/26/2024,BF1544,Accessories,Male,31,Backpack,Miami,9,1,9,3
198890,6/6/2024,BF1543,Footwear,Female,23,Shoes,Miami,100,1,100,3
155015,2/9/2024,BF1552,Accessories,Female,35,Handbag,Las Vegas,45,1,45,3
159887,11/18/2023,BF1543,Accessories,Male,31,Sunglasses,Austin,100,3,300,4
169074,12/12/2023,BF1553,Accessories,Male,23,Hat,Miami,50,2,100,3
178041,4/28/2024,BF1548,Accessories,Male,32,Scarf,Sacramento,65,1,65,4
145555,7/30/2024,BF1554,Garment,Female,27,Hoodie,New Jersey,20,1,20,4
145466,11/27/2023,BF1548,Accessories,Male,29,Backpack,Mumbai,65,5,675,4
173328,2/25/2024,BF1543,Garment,Male,25,Sweater,Paris,100,1,150,1
197484,6/2/2024,BF1551,Garment,Male,34,Shorts,San Francisco,15,4,60,5
182509,7/6/2024,BF1543,Accessories,Male,35,Scarf,New Jersey,100,4,400,5
143201,10/6/2024,BF1548,Accessories,Male,20,Hat,Manchester,65,1,105,3
186563,3/18/2024,BF1547,Outerwear,Male,20,Coat,Austin,32,1,32,5
120815,1/4/2024,BF1551,Accessories,Male,21,Jewelry,Sydney,15,1,115,5
164243,4/4/2024,BF1544,Footwear,Male,31,Sandals,Detroit,9,1,9,4
153682,1/10/2024,BF1553,Accessories,Male,20,Gloves,Las Vegas,50,1,50,4
172821,8/18/2024,BF1544,Accessories,Male,23,Backpack,Sacramento,9,1,9,1
183717,11/8/2023,BF1548,Outerwear,Male,22,Jacket,San Antonio,65,1,65,5
144796,11/30/2023,BF1547,Accessories,Female,33,Backpack,Miami,32,1,32,5
157855,5/14/2024,BF1548,Accessories,Male,18,Backpack,Las Vegas,65,2,130,1
161948,8/16/2024,BF1550,Accessories,Female,35,Sunglasses,Memphis,97,3,291,3
197935,12/25/2023,BF1554,Garment,Male,19,Socks,Miami,20,1,20,5
185965,3/2/2024,BF1550,Footwear,Male,30,Shoes,San Antonio,97,3,291,4
189521,7/6/2024,BF1543,Garment,Male,20,Pants,Sacramento,100,4,400,5
170699,3/2/2024,BF1548,Accessories,Male,27,Jewelry,Toronto,65,1,90,3
183275,8/27/2024,BF1550,Accessories,Male,28,Sunglasses,San Francisco,97,1,97,2
199379,11/27/2023,BF1544,Footwear,Female,28,Sandals,London,9,1,49,5
173499,5/12/2024,BF1551,Garment,Female,31,Sweater,New York,15,1,15,3
196459,8/25/2024,BF1543,Footwear,Male,18,Shoes,Portland,100,1,100,4
159869,1/15/2024,BF1543,Accessories,Male,33,Jewelry,Glasgow,100,2,280,4
199128,8/23/2024,BF1554,Footwear,Male,26,Boots,Detroit,20,1,20,5
187869,11/20/2023,BF1549,Accessories,Male,21,Backpack,Pittsburgh,130,1,130,5
159380,2/12/2024,BF1544,Footwear,Female,21,Sandals,New Jersey,9,1,9,1
167422,12/26/2023,BF1550,Footwear,Male,28,Sneakers,Austin,97,2,194,4
149724,1/30/2024,BF1545,Garment,Female,32,Hoodie,Detroit,10,1,10,4
158917,1/12/2024,BF1545,Accessories,Male,24,Handbag,San Francisco,10,1,10,3
135176,5/29/2024,BF1548,Garment,Female,27,Sweater,Portland,65,1,65,5
193067,4/18/2024,BF1544,Footwear,Male,20,Sandals,Austin,9,1,9,5
196717,9/23/2024,BF1544,Garment,Female,34,Dress,Memphis,9,1,9,1
151245,11/10/2023,BF1548,Garment,Male,28,Skirt,Miami,65,3,195,5
132403,12/29/2023,BF1547,Garment,Male,24,Blouse,Liverpool,32,3,216,5
183751,4/7/2024,BF1548,Garment,Female,30,Skirt,Toronto,65,2,180,5
172125,8/4/2024,BF1545,Garment,Female,25,Sweater,San Antonio,10,1,10,4
195858,1/8/2024,BF1548,Accessories,Male,31,Backpack,Miami,65,1,65,2
127662,5/31/2024,BF1551,Garment,Male,26,Hoodie,Toronto,15,1,40,5
156614,12/15/2023,BF1549,Footwear,Male,32,Boots,Memphis,130,2,260,5
199519,5/18/2024,BF1549,Garment,Male,21,Blouse,New Jersey,130,1,130,4
159249,2/26/2024,BF1548,Garment,Female,28,Hoodie,Portland,65,2,130,4
166783,11/14/2023,BF1547,Garment,Female,34,Pants,Montreal,32,4,228,1
166916,6/9/2024,BF1549,Accessories,Male,21,Gloves,Cardiff,130,1,170,5
153817,3/8/2024,BF1552,Accessories,Female,24,Hat,San Antonio,45,1,45,1
157769,2/22/2024,BF1554,Accessories,Male,30,Sunglasses,Sydney,20,2,240,1
172261,8/30/2024,BF1550,Accessories,Female,35,Scarf,Sacramento,97,1,97,4
127649,8/14/2024,BF1543,Accessories,Male,29,Handbag,San Antonio,100,1,100,1
136759,2/9/2024,BF1553,Accessories,Male,30,Handbag,New Delhi,50,2,240,2
127884,8/9/2024,BF1551,Garment,Male,23,Jeans,Glasgow,15,1,55,1
198053,7/30/2024,BF1548,Outerwear,Male,21,Jacket,Manchester,65,1,105,1
159891,12/24/2023,BF1543,Accessories,Male,22,Backpack,New Delhi,100,1,170,3
168329,1/23/2024,BF1551,Garment,Male,18,Shorts,Austin,15,5,75,3
137789,11/15/2023,BF1545,Outerwear,Female,29,Coat,Memphis,10,1,10,5
134723,10/6/2024,BF1548,Garment,Male,18,Shirt,Las Vegas,65,1,65,5
126806,11/17/2023,BF1550,Accessories,Female,19,Gloves,Portland,97,1,97,4
152347,4/21/2024,BF1544,Garment,Male,31,Dress,Cleveland,9,2,18,4
180700,5/19/2024,BF1550,Garment,Male,25,Pants,Pittsburgh,97,4,388,5
171530,2/11/2024,BF1551,Garment,Male,26,Pants,New Jersey,15,1,15,1
156277,7/7/2024,BF1551,Garment,Male,34,Hoodie,San Antonio,15,1,15,3
162560,3/12/2024,BF1545,Accessories,Male,32,Sunglasses,Liverpool,10,1,50,4
142063,12/25/2023,BF1551,Garment,Male,19,T-shirt,Glasgow,15,1,55,4
128254,12/17/2023,BF1554,Outerwear,Male,27,Jacket,Detroit,20,4,80,3
126724,1/25/2024,BF1544,Garment,Female,30,Sweater,Pittsburgh,9,3,27,1
198503,8/22/2024,BF1554,Outerwear,Male,27,Jacket,Detroit,20,1,20,4
147734,12/19/2023,BF1545,Garment,Male,30,Socks,Toronto,10,1,35,2
124380,10/16/2024,BF1548,Garment,Male,25,Shirt,San Antonio,65,1,65,4
187243,10/10/2024,BF1547,Accessories,Female,27,Jewelry,Miami,32,1,32,1
192982,2/18/2024,BF1548,Accessories,Male,22,Sunglasses,Dublin,65,1,105,4
196035,6/14/2024,BF1544,Garment,Male,26,Pants,New York,9,2,18,5
151312,3/11/2024,BF1553,Garment,Female,29,Socks,Portland,50,1,50,1
175869,3/31/2024,BF1544,Garment,Male,33,Blouse,Austin,9,2,18,5
161807,2/12/2024,BF1544,Footwear,Female,20,Sandals,Memphis,9,2,18,4
125254,5/6/2024,BF1548,Footwear,Female,21,Sneakers,Miami,65,2,130,3
150548,1/30/2024,BF1548,Garment,Female,21,Shirt,Las Vegas,65,1,65,4
191868,5/9/2024,BF1554,Outerwear,Male,22,Jacket,Detroit,20,1,20,2
196410,5/1/2024,BF1547,Footwear,Male,25,Sandals,Glasgow,32,1,72,5
176103,9/4/2024,BF1551,Accessories,Male,23,Hat,Miami,15,1,15,4
159330,1/18/2024,BF1554,Garment,Male,19,Blouse,Miami,20,1,20,4
147143,2/1/2024,BF1548,Garment,Male,23,Sweater,Portland,65,1,65,4
145329,7/20/2024,BF1546,Accessories,Male,20,Gloves,San Francisco,118,1,118,3
193598,9/23/2024,BF1545,Accessories,Male,19,Scarf,Montreal,10,1,35,4
186134,12/2/2023,BF1548,Garment,Female,29,Hoodie,Liverpool,65,1,105,2
160745,10/14/2024,BF1550,Garment,Male,27,Shorts,Pittsburgh,97,1,97,2
158104,4/11/2024,BF1544,Accessories,Male,20,Backpack,Sacramento,9,2,18,5
138074,10/26/2024,BF1548,Accessories,Male,31,Sunglasses,Miami,65,5,325,3
185943,4/10/2024,BF1554,Garment,Male,25,Shorts,Austin,20,3,60,5
180705,12/11/2023,BF1543,Garment,Male,32,Dress,Sacramento,100,1,100,3
193053,11/19/2023,BF1543,Garment,Male,30,Shorts,Manchester,100,3,420,1
196255,7/4/2024,BF1543,Accessories,Male,27,Belt,London,100,2,280,3
161288,12/6/2023,BF1545,Accessories,Male,32,Scarf,New Jersey,10,1,10,3
134156,11/10/2023,BF1545,Footwear,Male,24,Boots,New York,10,3,30,5
139224,2/5/2024,BF1551,Accessories,Male,33,Handbag,Liverpool,15,1,55,4
187619,3/20/2024,BF1548,Garment,Male,29,Pants,Portland,65,2,130,2
146944,8/9/2024,BF1553,Footwear,Male,32,Boots,Montreal,50,1,75,5
189329,8/26/2024,BF1553,Garment,Male,30,Shirt,Cleveland,50,2,100,5
199776,3/14/2024,BF1554,Garment,Male,29,Dress,New York,20,2,40,5
151975,10/7/2024,BF1545,Garment,Male,26,Hoodie,Pittsburgh,10,2,20,5
154583,11/16/2023,BF1548,Garment,Female,24,Pants,Miami,65,1,65,3
170080,8/29/2024,BF1554,Garment,Male,18,Jeans,Memphis,20,2,40,4
132057,4/1/2024,BF1550,Garment,Male,20,Shirt,Dublin,97,1,137,5
193711,9/27/2024,BF1546,Accessories,Female,35,Backpack,Manchester,118,3,474,3
190573,4/6/2024,BF1548,Outerwear,Female,25,Jacket,Miami,65,1,65,3
132541,12/12/2023,BF1544,Accessories,Male,25,Scarf,San Antonio,9,3,27,4
155981,8/15/2024,BF1551,Footwear,Male,22,Boots,Mumbai,15,1,85,1
196477,12/11/2023,BF1551,Garment,Male,26,Blouse,Manchester,15,1,55,1
131173,12/7/2023,BF1548,Garment,Male,23,Hoodie,Sacramento,65,1,65,4
125345,2/20/2024,BF1553,Outerwear,Male,19,Jacket,Pittsburgh,50,1,50,5
135821,11/28/2023,BF1548,Garment,Male,32,Jeans,Portland,65,1,65,1
149354,4/15/2024,BF1546,Accessories,Male,25,Jewelry,Austin,118,1,118,4
143603,12/10/2023,BF1549,Garment,Male,22,Socks,Miami,130,4,520,2
188914,2/4/2024,BF1548,Garment,Male,28,Shirt,New Delhi,65,1,135,4
162881,11/3/2024,BF1548,Garment,Female,30,Shorts,Sydney,65,1,165,2
129976,10/21/2024,BF1548,Accessories,Female,32,Jewelry,Detroit,65,1,65,3
145798,3/5/2024,BF1549,Garment,Female,19,Blouse,San Francisco,130,3,390,1
164398,10/16/2024,BF1552,Garment,Female,34,Sweater,Cleveland,45,1,45,4
171503,11/26/2023,BF1546,Accessories,Male,26,Jewelry,Cardiff,118,1,158,4
136472,11/21/2023,BF1548,Garment,Female,23,T-shirt,Pittsburgh,65,1,65,4
149971,4/26/2024,BF1543,Accessories,Male,31,Hat,Las Vegas,100,1,100,5
195462,11/27/2023,BF1548,Garment,Male,19,Shorts,Dublin,65,3,315,3
154820,8/25/2024,BF1550,Garment,Male,29,Sweater,Detroit,97,2,194,4
155368,2/5/2024,BF1543,Garment,Male,34,Jeans,London,100,3,420,2
142286,8/2/2024,BF1550,Accessories,Female,26,Sunglasses,Pittsburgh,97,1,97,4
151530,3/19/2024,BF1548,Footwear,Male,35,Boots,New Delhi,65,1,135,3
153972,4/2/2024,BF1548,Outerwear,Male,25,Coat,Sydney,65,1,165,3
169439,10/10/2024,BF1545,Garment,Male,34,Shirt,New York,10,1,10,5
191536,11/16/2023,BF1554,Garment,Female,35,Dress,Miami,20,1,20,1
194130,9/11/2024,BF1551,Garment,Male,27,Shirt,Miami,15,1,15,5
131404,10/7/2024,BF1548,Accessories,Male,29,Sunglasses,Austin,65,3,195,4
135430,10/9/2024,BF1544,Garment,Male,27,Dress,Austin,9,1,9,2
199798,4/9/2024,BF1555,Accessories,Male,27,Sunglasses,Cleveland,23,1,23,4
163203,4/14/2024,BF1547,Accessories,Female,20,Sunglasses,Cleveland,32,2,64,2
151202,9/6/2024,BF1544,Garment,Male,31,Shorts,San Antonio,9,2,18,4
127857,12/8/2023,BF1544,Garment,Female,29,Jeans,Detroit,9,1,9,5
199344,10/3/2024,BF1545,Garment,Male,19,T-shirt,New Jersey,10,1,10,5
167171,8/13/2024,BF1553,Garment,Female,18,Pants,Liverpool,50,1,90,3
177886,5/4/2024,BF1543,Accessories,Male,32,Sunglasses,Glasgow,100,1,140,5
144392,12/26/2023,BF1544,Footwear,Male,35,Boots,Austin,9,1,9,4
189671,1/16/2024,BF1552,Garment,Male,26,T-shirt,San Antonio,45,1,45,4
188708,3/18/2024,BF1543,Footwear,Male,22,Sandals,Manchester,100,2,280,5
132993,12/31/2023,BF1554,Garment,Female,18,Shorts,Detroit,20,1,20,5
183321,11/27/2023,BF1544,Accessories,Female,23,Hat,Liverpool,9,2,98,1
180915,12/8/2023,BF1550,Accessories,Female,31,Scarf,Detroit,97,1,97,3
178552,2/25/2024,BF1545,Garment,Female,21,T-shirt,Las Vegas,10,1,10,5
129773,4/28/2024,BF1550,Accessories,Male,31,Gloves,Cleveland,97,3,291,5
181020,1/4/2024,BF1544,Accessories,Male,27,Scarf,Austin,9,4,36,4
156442,5/5/2024,BF1548,Footwear,Male,20,Boots,Paris,65,1,115,5
142196,5/2/2024,BF1545,Accessories,Female,33,Gloves,Pittsburgh,10,1,10,4
175056,9/6/2024,BF1547,Outerwear,Female,29,Coat,New Jersey,32,1,32,5
121730,10/15/2024,BF1548,Accessories,Male,34,Belt,Dublin,65,2,210,3
146595,1/11/2024,BF1543,Garment,Male,28,Hoodie,San Antonio,100,1,100,5
134684,7/23/2024,BF1551,Footwear,Male,35,Shoes,New Delhi,15,1,85,4
143226,2/18/2024,BF1552,Garment,Male,30,Dress,Miami,45,1,45,4
193850,3/8/2024,BF1550,Accessories,Female,27,Gloves,Mumbai,97,1,167,3
192780,8/3/2024,BF1550,Accessories,Male,20,Jewelry,Portland,97,1,97,3
147229,10/21/2024,BF1550,Accessories,Female,24,Belt,Austin,97,4,388,1
137299,3/12/2024,BF1547,Garment,Male,28,Sweater,Miami,32,1,32,4
181617,1/7/2024,BF1550,Garment,Male,19,Skirt,San Francisco,97,1,97,2
155705,10/15/2024,BF1543,Footwear,Female,28,Sneakers,Miami,100,4,400,5
174419,4/15/2024,BF1552,Accessories,Male,18,Gloves,Sacramento,45,1,45,4
124404,4/20/2024,BF1551,Outerwear,Male,29,Coat,Sacramento,15,1,15,3
143719,1/11/2024,BF1543,Accessories,Male,22,Backpack,Portland,100,1,100,3
199047,3/6/2024,BF1546,Garment,Male,21,Socks,New Jersey,118,1,118,4
184151,2/18/2024,BF1554,Footwear,Female,23,Sneakers,San Francisco,20,1,20,5
187414,4/29/2024,BF1544,Garment,Male,30,Sweater,San Francisco,9,1,9,4
198965,12/23/2023,BF1545,Garment,Male,28,Jeans,Las Vegas,10,4,40,4
154235,8/28/2024,BF1555,Accessories,Male,20,Hat,Austin,23,1,23,4
130276,7/19/2024,BF1551,Accessories,Male,26,Hat,Manchester,15,1,55,4
179140,7/27/2024,BF1550,Accessories,Male,27,Handbag,London,97,2,274,1
133199,9/20/2024,BF1544,Garment,Female,32,Shirt,Memphis,9,1,9,4
174928,5/13/2024,BF1551,Garment,Male,26,Socks,New York,15,2,30,2
163897,9/7/2024,BF1553,Garment,Male,32,Socks,San Francisco,50,1,50,1
198902,8/19/2024,BF1550,Garment,Male,20,Dress,Sydney,97,1,197,1
156468,7/3/2024,BF1546,Footwear,Female,22,Shoes,Portland,118,1,118,5
196561,4/16/2024,BF1547,Accessories,Male,20,Scarf,Detroit,32,1,32,2
129649,9/13/2024,BF1544,Garment,Male,30,Hoodie,Paris,9,4,236,4
135692,7/31/2024,BF1548,Garment,Female,23,T-shirt,Miami,65,1,65,2
189853,10/1/2024,BF1552,Garment,Female,29,Jeans,Detroit,45,3,135,3
172273,12/5/2023,BF1548,Garment,Male,19,Shorts,Las Vegas,65,1,65,3
147972,6/30/2024,BF1548,Accessories,Male,24,Hat,Portland,65,1,65,4
157279,5/17/2024,BF1548,Accessories,Female,24,Handbag,Detroit,65,1,65,4
137006,6/5/2024,BF1554,Garment,Female,24,Pants,Manchester,20,1,60,3
144199,9/11/2024,BF1544,Accessories,Male,29,Handbag,Austin,9,1,9,5
140296,8/18/2024,BF1549,Garment,Female,25,Sweater,Portland,130,2,260,5
141092,2/23/2024,BF1545,Accessories,Female,28,Scarf,Las Vegas,10,1,10,5
154153,11/1/2024,BF1545,Footwear,Male,27,Sneakers,Austin,10,1,10,2
172262,1/22/2024,BF1548,Garment,Male,18,Pants,Austin,65,2,130,4
128644,11/27/2023,BF1546,Accessories,Female,33,Backpack,Toronto,118,1,143,1
152822,11/1/2024,BF1550,Footwear,Male,30,Sandals,Miami,97,5,485,5
154852,7/6/2024,BF1547,Garment,Male,26,Socks,Glasgow,32,1,72,1
183963,7/25/2024,BF1544,Outerwear,Male,33,Coat,Sacramento,9,2,18,5
134140,7/31/2024,BF1550,Garment,Male,24,Socks,Detroit,97,3,291,4
170323,2/15/2024,BF1548,Accessories,Male,35,Belt,Portland,65,1,65,5
164875,11/25/2023,BF1548,Garment,Female,26,Socks,San Francisco,65,2,130,3
193069,1/20/2024,BF1548,Accessories,Female,19,Belt,Liverpool,65,1,105,4
139299,8/17/2024,BF1550,Garment,Female,33,Pants,Sacramento,97,2,194,4
174841,4/25/2024,BF1551,Garment,Male,24,Shorts,New Jersey,15,2,30,4
193123,9/16/2024,BF1555,Footwear,Male,18,Boots,San Francisco,23,1,23,1
151897,1/13/2024,BF1547,Garment,Female,32,Dress,New Jersey,32,1,32,3
171325,7/14/2024,BF1550,Garment,Male,30,Jeans,Cleveland,97,2,194,5
174654,2/6/2024,BF1543,Garment,Female,21,T-shirt,Cardiff,100,2,280,5
152449,4/13/2024,BF1550,Footwear,Male,30,Shoes,Pittsburgh,97,5,485,1
195348,6/2/2024,BF1554,Footwear,Male,31,Boots,Miami,20,2,40,3
137125,11/25/2023,BF1550,Accessories,Female,20,Scarf,Detroit,97,2,194,4
197581,12/16/2023,BF1543,Footwear,Female,34,Sneakers,Cleveland,100,1,100,2
165900,7/21/2024,BF1547,Footwear,Male,28,Boots,Detroit,32,1,32,4
188150,12/21/2023,BF1553,Accessories,Male,18,Handbag,New York,50,2,100,5
188355,9/26/2024,BF1546,Garment,Male,31,Shirt,Las Vegas,118,4,472,5
165000,2/7/2024,BF1550,Accessories,Female,27,Hat,Portland,97,1,97,5
150966,5/2/2024,BF1547,Garment,Male,27,Sweater,Liverpool,32,1,72,3
192142,4/11/2024,BF1548,Accessories,Male,23,Handbag,Detroit,65,1,65,1
137453,5/12/2024,BF1548,Garment,Female,29,Shirt,Las Vegas,65,1,65,5
152157,2/16/2024,BF1551,Accessories,Male,26,Sunglasses,Portland,15,1,15,3
133859,3/22/2024,BF1548,Footwear,Female,31,Sneakers,Detroit,65,4,260,5
175404,1/16/2024,BF1548,Garment,Female,25,Hoodie,Cleveland,65,5,325,4
173814,8/14/2024,BF1543,Garment,Male,31,Shirt,Mumbai,100,3,510,5
137899,1/29/2024,BF1550,Accessories,Female,24,Sunglasses,San Antonio,97,2,194,5
147695,1/30/2024,BF1545,Garment,Male,28,Blouse,Sacramento,10,1,10,1
135621,10/25/2024,BF1544,Accessories,Male,19,Belt,London,9,3,147,4
168837,11/10/2023,BF1551,Garment,Male,26,Dress,Memphis,15,2,30,4
183777,2/5/2024,BF1550,Footwear,Male,21,Shoes,Cardiff,97,1,137,5
154624,7/18/2024,BF1550,Garment,Female,26,Socks,New Jersey,97,3,291,5
189038,6/18/2024,BF1544,Garment,Male,35,Socks,Portland,9,1,9,4
145281,6/30/2024,BF1549,Garment,Female,19,Shorts,London,130,1,170,4
156330,2/18/2024,BF1546,Accessories,Male,22,Gloves,Manchester,118,1,158,1
183871,2/28/2024,BF1548,Outerwear,Female,18,Jacket,San Antonio,65,1,65,3
124266,11/14/2023,BF1553,Accessories,Female,32,Handbag,San Francisco,50,1,50,2
179647,10/29/2024,BF1548,Accessories,Male,25,Backpack,Miami,65,4,260,5
136979,9/12/2024,BF1548,Footwear,Male,24,Boots,San Antonio,65,1,65,5
126819,10/3/2024,BF1548,Accessories,Male,33,Gloves,Dublin,65,2,210,2
169417,7/30/2024,BF1551,Garment,Female,30,Hoodie,London,15,1,55,3
125609,3/26/2024,BF1548,Outerwear,Female,21,Coat,New Jersey,65,2,130,4
145449,5/30/2024,BF1543,Garment,Female,26,Shirt,Cleveland,100,1,100,4
175478,7/27/2024,BF1548,Garment,Female,28,Shirt,New York,65,2,130,5
176656,11/30/2023,BF1548,Garment,Female,30,Sweater,Detroit,65,3,195,5
131946,1/20/2024,BF1549,Garment,Male,31,Shirt,Austin,130,2,260,3
148934,5/31/2024,BF1554,Garment,Male,32,Hoodie,Glasgow,20,1,60,3
150855,12/2/2023,BF1543,Footwear,Male,33,Sandals,New Jersey,100,1,100,4
156123,7/5/2024,BF1551,Accessories,Male,25,Belt,New York,15,1,15,5
177112,2/27/2024,BF1553,Footwear,Male,34,Boots,Pittsburgh,50,1,50,5
160108,2/9/2024,BF1550,Garment,Male,21,Hoodie,Portland,97,1,97,4
120932,12/2/2023,BF1545,Footwear,Male,35,Sandals,Portland,10,1,10,3
173693,7/12/2024,BF1545,Garment,Male,25,Jeans,Pittsburgh,10,1,10,5
191330,3/28/2024,BF1548,Footwear,Male,30,Shoes,Austin,65,1,65,4
148461,9/19/2024,BF1547,Footwear,Male,28,Sandals,San Francisco,32,1,32,5
158502,8/2/2024,BF1546,Garment,Female,27,Dress,Miami,118,1,118,1
178776,1/22/2024,BF1550,Accessories,Male,32,Hat,New Jersey,97,2,194,3
143310,8/3/2024,BF1551,Garment,Male,24,Pants,Manchester,15,4,220,2
148773,1/16/2024,BF1545,Garment,Male,29,Socks,Portland,10,1,10,5
160395,10/11/2024,BF1548,Garment,Female,20,Shirt,New Jersey,65,2,130,4
161132,12/20/2023,BF1550,Garment,Male,23,Shorts,Las Vegas,97,1,97,3
127401,2/22/2024,BF1546,Outerwear,Female,32,Jacket,Montreal,118,2,286,1
168752,10/7/2024,BF1548,Garment,Male,18,Hoodie,Portland,65,1,65,4
161206,6/26/2024,BF1548,Footwear,Male,25,Shoes,Cleveland,65,3,195,2
189157,10/14/2024,BF1543,Garment,Female,33,Skirt,Memphis,100,1,100,4
167291,10/24/2024,BF1548,Outerwear,Male,20,Coat,New Delhi,65,1,135,4
153141,6/22/2024,BF1554,Footwear,Female,30,Sneakers,Cleveland,20,1,20,4
154604,12/8/2023,BF1548,Garment,Male,34,Jeans,San Francisco,65,5,325,1
175004,4/12/2024,BF1548,Garment,Female,35,Blouse,New York,65,1,65,5
156321,8/4/2024,BF1553,Accessories,Female,20,Sunglasses,Sacramento,50,1,50,4
166245,6/20/2024,BF1544,Outerwear,Male,26,Jacket,Sacramento,9,1,9,3
141761,5/29/2024,BF1548,Garment,Male,23,Dress,New Delhi,65,1,135,3
125482,5/22/2024,BF1543,Accessories,Female,35,Hat,Cardiff,100,1,140,4
189205,11/25/2023,BF1547,Garment,Male,26,Hoodie,Dublin,32,1,72,1
148881,10/6/2024,BF1551,Accessories,Female,21,Handbag,Dublin,15,3,165,5
139581,12/3/2023,BF1555,Garment,Male,23,Jeans,Liverpool,23,2,126,5
132825,8/6/2024,BF1548,Footwear,Female,31,Boots,New York,65,1,65,3
197038,5/13/2024,BF1550,Outerwear,Male,28,Jacket,Dublin,97,1,137,4
193954,6/18/2024,BF1552,Footwear,Male,26,Sandals,Portland,45,1,45,3
175061,11/18/2023,BF1548,Accessories,Male,29,Belt,San Francisco,65,1,65,4
159511,8/17/2024,BF1548,Accessories,Male,29,Handbag,Portland,65,1,65,2
128071,9/25/2024,BF1551,Accessories,Male,23,Sunglasses,Portland,15,1,15,2
143668,8/5/2024,BF1548,Garment,Male,24,Skirt,Toronto,65,3,270,1
174655,3/30/2024,BF1545,Accessories,Male,29,Backpack,Toronto,10,1,35,3
121224,2/15/2024,BF1555,Footwear,Female,25,Sandals,San Antonio,23,4,92,5
194075,12/27/2023,BF1553,Footwear,Female,27,Boots,New York,50,2,100,2
173221,4/17/2024,BF1552,Footwear,Male,18,Sneakers,Mumbai,45,1,115,1
125808,12/10/2023,BF1548,Garment,Male,26,Skirt,Cleveland,65,1,65,5
152198,9/12/2024,BF1550,Garment,Male,24,Dress,Las Vegas,97,1,97,3
132321,2/14/2024,BF1549,Garment,Male,31,Shorts,New Jersey,130,1,130,3
160867,12/14/2023,BF1543,Accessories,Female,20,Handbag,Sydney,100,1,200,5
174359,12/26/2023,BF1550,Accessories,Female,22,Scarf,Miami,97,3,291,1
152856,11/30/2023,BF1553,Accessories,Male,22,Belt,Miami,50,1,50,2
146293,3/11/2024,BF1553,Accessories,Female,22,Gloves,Portland,50,1,50,5
187536,3/3/2024,BF1552,Garment,Male,19,Skirt,Detroit,45,1,45,1
151987,2/5/2024,BF1549,Garment,Male,34,Shorts,Cleveland,130,1,130,5
133101,6/27/2024,BF1549,Accessories,Female,34,Backpack,San Francisco,130,1,130,3
161202,6/15/2024,BF1548,Garment,Male,28,Hoodie,Mumbai,65,1,135,1
121176,4/15/2024,BF1549,Accessories,Female,31,Hat,New York,130,1,130,4
193703,5/21/2024,BF1550,Accessories,Male,19,Jewelry,London,97,1,137,4
135493,1/19/2024,BF1544,Garment,Male,25,Shirt,Sacramento,9,1,9,1
134712,12/3/2023,BF1551,Accessories,Female,19,Belt,Memphis,15,3,45,1
190962,12/19/2023,BF1551,Garment,Male,22,Sweater,Cleveland,15,2,30,4
163943,5/25/2024,BF1547,Accessories,Male,18,Hat,Memphis,32,2,64,5
132721,5/1/2024,BF1548,Accessories,Female,21,Scarf,Dublin,65,5,525,3
175447,1/2/2024,BF1554,Accessories,Female,27,Hat,New York,20,1,20,4
198574,12/14/2023,BF1544,Outerwear,Male,28,Jacket,Miami,9,1,9,5
134353,6/12/2024,BF1553,Garment,Female,35,T-shirt,Sacramento,50,5,250,4
174449,5/13/2024,BF1554,Garment,Female,31,Dress,Toronto,20,1,45,5
172334,5/20/2024,BF1552,Garment,Male,23,Pants,Miami,45,1,45,1
159710,10/5/2024,BF1550,Garment,Male,32,Sweater,Mumbai,97,4,668,3
161291,5/23/2024,BF1548,Accessories,Female,18,Sunglasses,Sacramento,65,1,65,4
189165,4/2/2024,BF1548,Accessories,Male,18,Belt,Las Vegas,65,1,65,5
154836,5/1/2024,BF1548,Garment,Male,29,Hoodie,Detroit,65,1,65,2
167734,9/24/2024,BF1544,Garment,Female,29,Pants,Manchester,9,1,49,5
197454,7/22/2024,BF1548,Garment,Male,34,Hoodie,Las Vegas,65,1,65,5
185053,10/8/2024,BF1548,Footwear,Male,30,Sneakers,Las Vegas,65,1,65,4
147563,5/28/2024,BF1551,Garment,Male,21,Dress,Mumbai,15,1,85,1
149818,10/7/2024,BF1549,Garment,Male,21,Dress,Memphis,130,1,130,4
196566,11/24/2023,BF1554,Garment,Female,35,Jeans,Sydney,20,3,360,3
127485,6/18/2024,BF1548,Garment,Female,31,Sweater,Sacramento,65,1,65,3
123751,1/11/2024,BF1550,Garment,Male,22,Shorts,Las Vegas,97,1,97,4
136568,7/24/2024,BF1552,Garment,Male,18,Shirt,New York,45,1,45,3
122024,8/21/2024,BF1543,Accessories,Male,28,Belt,Detroit,100,1,100,5
142169,7/28/2024,BF1543,Outerwear,Male,35,Coat,Glasgow,100,4,560,1
185320,7/9/2024,BF1548,Footwear,Male,25,Sneakers,Mumbai,65,1,135,1
179155,1/31/2024,BF1545,Garment,Female,19,Shirt,Cardiff,10,3,150,1
187806,11/18/2023,BF1546,Garment,Male,30,Socks,Memphis,118,1,118,5
138438,3/3/2024,BF1548,Garment,Male,33,Jeans,Miami,65,1,65,3
198824,7/28/2024,BF1552,Garment,Male,31,Jeans,New York,45,1,45,5
159577,2/13/2024,BF1552,Footwear,Male,25,Sneakers,New Jersey,45,1,45,4
160430,3/16/2024,BF1544,Garment,Male,31,Dress,Sydney,9,1,109,5
163354,10/3/2024,BF1548,Footwear,Female,27,Boots,Pittsburgh,65,2,130,4
131385,12/29/2023,BF1544,Garment,Male,25,T-shirt,Glasgow,9,1,49,4
137111,7/7/2024,BF1551,Outerwear,Female,18,Coat,Memphis,15,3,45,2
126757,12/13/2023,BF1545,Garment,Female,28,Skirt,Montreal,10,3,105,2
134647,2/3/2024,BF1544,Footwear,Male,30,Sneakers,Dublin,9,2,98,4
167345,6/15/2024,BF1546,Garment,Male,21,Jeans,San Francisco,118,1,118,3
141629,4/3/2024,BF1548,Garment,Male,32,Hoodie,Austin,65,1,65,5
134255,11/9/2023,BF1548,Footwear,Male,27,Shoes,Detroit,65,2,130,3
135379,5/27/2024,BF1549,Garment,Male,19,Shorts,Pittsburgh,130,1,130,5
177870,10/31/2024,BF1550,Garment,Male,23,Blouse,San Antonio,97,1,97,4
178444,5/7/2024,BF1550,Garment,Male,20,T-shirt,Austin,97,1,97,4
161376,8/6/2024,BF1546,Accessories,Male,28,Belt,San Antonio,118,1,118,4
162021,5/14/2024,BF1548,Accessories,Female,34,Handbag,Pittsburgh,65,1,65,4
188812,3/27/2024,BF1553,Garment,Female,31,Dress,Memphis,50,1,50,1
172785,5/27/2024,BF1551,Accessories,Male,34,Hat,Pittsburgh,15,2,30,5
189766,11/10/2023,BF1543,Accessories,Male,25,Belt,New Jersey,100,1,100,5
160204,3/10/2024,BF1543,Footwear,Female,31,Boots,Miami,100,1,100,5
137436,9/21/2024,BF1554,Outerwear,Male,28,Coat,Paris,20,2,140,2
189901,12/6/2023,BF1550,Garment,Female,28,Blouse,Las Vegas,97,2,194,5
193467,12/14/2023,BF1544,Accessories,Female,28,Hat,Pittsburgh,9,2,18,1
190798,8/14/2024,BF1554,Garment,Female,27,Jeans,Cardiff,20,3,180,4
137068,4/18/2024,BF1548,Accessories,Male,35,Backpack,New Jersey,65,1,65,1
148355,2/22/2024,BF1550,Garment,Male,28,Dress,New York,97,2,194,4
173959,10/13/2024,BF1550,Accessories,Female,28,Hat,San Francisco,97,4,388,3
140019,3/23/2024,BF1543,Accessories,Male,32,Sunglasses,Memphis,100,3,300,5
165618,10/24/2024,BF1545,Accessories,Male,18,Hat,Portland,10,1,10,4
193806,5/21/2024,BF1548,Garment,Male,28,Dress,Memphis,65,1,65,5
159590,4/22/2024,BF1554,Garment,Female,26,Shirt,Sacramento,20,1,20,5
123759,8/7/2024,BF1554,Accessories,Female,26,Scarf,Las Vegas,20,1,20,2
130613,11/11/2023,BF1549,Footwear,Female,19,Sneakers,New York,130,1,130,4
133621,12/29/2023,BF1550,Garment,Male,25,Skirt,Portland,97,1,97,1
185400,1/4/2024,BF1548,Accessories,Male,35,Jewelry,Manchester,65,2,210,1
183412,4/27/2024,BF1548,Footwear,Male,20,Boots,New York,65,5,325,4
162238,6/29/2024,BF1548,Accessories,Male,33,Sunglasses,Miami,65,1,65,5
161340,8/13/2024,BF1544,Footwear,Male,27,Boots,Miami,9,1,9,5
128371,2/21/2024,BF1551,Footwear,Female,20,Sandals,Manchester,15,1,55,2
195599,5/20/2024,BF1549,Footwear,Female,21,Boots,Manchester,130,1,170,4
172886,11/1/2024,BF1550,Garment,Male,26,Dress,Dublin,97,1,137,5
122442,6/17/2024,BF1550,Garment,Male,34,Hoodie,Detroit,97,1,97,4
184941,8/29/2024,BF1548,Garment,Male,29,Shorts,Manchester,65,1,105,4
122715,12/11/2023,BF1548,Outerwear,Male,34,Coat,Pittsburgh,65,3,195,5
136373,12/13/2023,BF1548,Garment,Male,28,Jeans,Cleveland,65,1,65,4
177272,1/27/2024,BF1548,Accessories,Female,21,Sunglasses,New York,65,1,65,5
142066,8/24/2024,BF1546,Footwear,Male,34,Sneakers,San Antonio,118,1,118,4
138549,4/7/2024,BF1544,Outerwear,Male,33,Jacket,New Jersey,9,3,27,5
167834,2/14/2024,BF1550,Garment,Female,18,Skirt,Austin,97,4,388,5
151522,4/5/2024,BF1548,Garment,Male,33,Sweater,Portland,65,1,65,4
150033,9/3/2024,BF1548,Garment,Male,24,T-shirt,London,65,1,105,1
153920,11/14/2023,BF1549,Accessories,Male,25,Belt,Paris,130,1,180,2
142254,12/28/2023,BF1543,Accessories,Male,18,Gloves,New York,100,3,300,4
175990,6/29/2024,BF1544,Accessories,Female,23,Hat,Manchester,9,1,49,4
142064,9/16/2024,BF1543,Footwear,Male,30,Boots,Cardiff,100,1,140,1
146478,12/12/2023,BF1548,Accessories,Male,33,Belt,Las Vegas,65,4,260,5
144693,2/19/2024,BF1548,Outerwear,Male,35,Coat,Austin,65,1,65,5
162075,2/26/2024,BF1554,Accessories,Male,19,Hat,Sacramento,20,2,40,5
123872,1/19/2024,BF1554,Footwear,Male,22,Shoes,Detroit,20,1,20,2
193479,5/27/2024,BF1555,Accessories,Male,30,Handbag,Sydney,23,1,123,4
132756,1/13/2024,BF1548,Accessories,Male,28,Scarf,San Francisco,65,1,65,4
127721,10/17/2024,BF1548,Accessories,Male,29,Handbag,San Francisco,65,1,65,5
172180,8/20/2024,BF1550,Garment,Male,25,Pants,Sacramento,97,2,194,4
130770,2/2/2024,BF1551,Footwear,Female,19,Shoes,Sacramento,15,3,45,5
190504,3/25/2024,BF1548,Accessories,Male,18,Sunglasses,New Jersey,65,1,65,4
187652,10/21/2024,BF1554,Garment,Female,19,Shorts,New York,20,1,20,1
158452,1/7/2024,BF1551,Outerwear,Female,26,Jacket,Portland,15,1,15,5
196828,7/26/2024,BF1554,Footwear,Male,34,Sandals,Memphis,20,1,20,5
195111,2/17/2024,BF1548,Footwear,Female,18,Shoes,Sacramento,65,1,65,3
130944,1/26/2024,BF1549,Accessories,Female,34,Jewelry,Sacramento,130,1,130,3
125329,9/27/2024,BF1543,Footwear,Male,31,Sandals,San Francisco,100,1,100,2
129948,11/29/2023,BF1545,Garment,Male,27,Pants,Portland,10,3,30,4
196598,8/15/2024,BF1546,Footwear,Male,27,Shoes,Cleveland,118,3,354,4
144614,3/8/2024,BF1543,Garment,Male,31,Socks,Manchester,100,1,140,2
198417,11/12/2023,BF1555,Garment,Male,28,Socks,New Jersey,23,1,23,5
173027,9/26/2024,BF1545,Garment,Female,18,Dress,Detroit,10,5,50,1
172708,3/16/2024,BF1545,Footwear,Male,33,Shoes,Cleveland,10,1,10,5
124936,4/14/2024,BF1548,Accessories,Male,22,Hat,Dublin,65,1,105,4
133591,2/28/2024,BF1554,Accessories,Male,21,Backpack,New Delhi,20,1,90,4
133700,1/3/2024,BF1543,Accessories,Male,18,Backpack,Glasgow,100,3,420,4
150164,4/27/2024,BF1546,Garment,Male,24,Pants,London,118,1,158,4
150324,4/10/2024,BF1543,Accessories,Male,27,Gloves,Austin,100,1,100,2
121573,3/27/2024,BF1543,Accessories,Female,18,Scarf,Detroit,100,1,100,3
182568,7/13/2024,BF1546,Garment,Male,26,Hoodie,New York,118,3,354,3
155854,6/3/2024,BF1552,Garment,Male,32,Jeans,New Delhi,45,1,115,5
171767,7/25/2024,BF1544,Accessories,Female,35,Backpack,Glasgow,9,2,98,4
151776,7/8/2024,BF1543,Footwear,Male,32,Sandals,Portland,100,1,100,4
126106,4/16/2024,BF1544,Accessories,Male,33,Belt,Detroit,9,1,9,5
149676,5/21/2024,BF1544,Footwear,Female,32,Shoes,Las Vegas,9,1,9,5
124946,9/29/2024,BF1553,Accessories,Male,19,Gloves,Detroit,50,1,50,5
151290,6/8/2024,BF1553,Accessories,Male,26,Belt,Montreal,50,3,225,2
141231,12/18/2023,BF1544,Outerwear,Male,31,Jacket,Pittsburgh,9,1,9,3
123578,9/30/2024,BF1554,Garment,Female,33,Dress,San Antonio,20,1,20,3
132569,7/8/2024,BF1546,Garment,Male,23,Shirt,Cardiff,118,2,316,5
155991,4/8/2024,BF1548,Accessories,Male,25,Scarf,Austin,65,2,130,5
162664,1/9/2024,BF1545,Outerwear,Male,29,Coat,New York,10,4,40,5
169254,4/8/2024,BF1544,Accessories,Male,21,Handbag,New York,9,3,27,3
120401,9/26/2024,BF1544,Accessories,Male,33,Sunglasses,New Jersey,9,2,18,5
123989,11/21/2023,BF1543,Garment,Male,32,T-shirt,Glasgow,100,4,560,5
168419,3/4/2024,BF1554,Garment,Female,18,Shirt,Las Vegas,20,1,20,4
125654,7/18/2024,BF1544,Accessories,Male,27,Handbag,Austin,9,4,36,4
141174,1/13/2024,BF1544,Accessories,Male,26,Jewelry,Cleveland,9,2,18,2
195120,6/29/2024,BF1543,Garment,Male,35,Hoodie,Manchester,100,2,280,4
135551,8/16/2024,BF1549,Accessories,Male,20,Gloves,San Francisco,130,3,390,3
140303,5/21/2024,BF1543,Outerwear,Male,18,Coat,Mumbai,100,1,170,2
121960,7/27/2024,BF1554,Footwear,Male,27,Sandals,Cleveland,20,1,20,3
125590,12/17/2023,BF1550,Footwear,Male,26,Boots,Austin,97,1,97,1
126509,9/19/2024,BF1548,Garment,Female,32,Pants,Pittsburgh,65,1,65,5
139624,8/8/2024,BF1555,Garment,Female,35,Socks,San Antonio,23,1,23,5
174545,6/8/2024,BF1548,Garment,Male,26,Blouse,New Delhi,65,5,675,5
168686,12/13/2023,BF1555,Accessories,Male,20,Handbag,Portland,23,2,46,4
159535,1/5/2024,BF1550,Accessories,Male,35,Jewelry,New York,97,4,388,5
145836,10/27/2024,BF1548,Garment,Male,21,Pants,Detroit,65,1,65,3
144862,1/2/2024,BF1551,Accessories,Male,23,Belt,Sacramento,15,1,15,1
132287,6/12/2024,BF1551,Garment,Male,31,Jeans,London,15,1,55,5
163954,12/21/2023,BF1554,Garment,Female,21,Shirt,San Francisco,20,1,20,5
191891,7/11/2024,BF1543,Accessories,Male,22,Belt,Montreal,100,1,125,5
172629,3/28/2024,BF1550,Garment,Female,20,Jeans,Mumbai,97,3,501,5
123754,1/15/2024,BF1549,Garment,Male,27,Jeans,New York,130,1,130,5
170137,5/10/2024,BF1549,Garment,Male,20,Sweater,Mumbai,130,2,400,2
132149,7/15/2024,BF1544,Footwear,Male,21,Sneakers,Cleveland,9,1,9,4
188540,9/30/2024,BF1550,Garment,Male,23,Socks,San Antonio,97,3,291,4
147943,1/24/2024,BF1549,Garment,Male,30,Socks,Austin,130,1,130,1
140917,3/31/2024,BF1552,Accessories,Female,34,Sunglasses,Toronto,45,4,280,4
135861,4/10/2024,BF1548,Footwear,Female,32,Sneakers,Dublin,65,3,315,3
189728,11/17/2023,BF1548,Garment,Male,32,Socks,New York,65,2,130,1
148124,7/13/2024,BF1548,Footwear,Male,23,Shoes,Pittsburgh,65,1,65,5
192066,5/30/2024,BF1548,Garment,Female,26,Blouse,New Jersey,65,1,65,1
125781,12/13/2023,BF1552,Garment,Female,27,Shorts,Paris,45,2,190,4
175877,12/19/2023,BF1543,Outerwear,Female,34,Jacket,Las Vegas,100,5,500,4
143632,8/26/2024,BF1550,Garment,Female,26,Sweater,Liverpool,97,1,137,5
194032,6/24/2024,BF1548,Outerwear,Female,22,Jacket,Miami,65,1,65,3
187717,5/19/2024,BF1545,Accessories,Male,32,Scarf,Cardiff,10,2,100,1
146617,11/14/2023,BF1554,Outerwear,Female,19,Jacket,Toronto,20,1,45,1
125591,7/29/2024,BF1551,Garment,Male,24,Sweater,Toronto,15,3,120,1
161021,2/24/2024,BF1553,Outerwear,Male,31,Coat,New Jersey,50,1,50,5
180763,7/9/2024,BF1546,Footwear,Male,23,Boots,New Jersey,118,2,236,3
135635,6/28/2024,BF1550,Garment,Female,32,Hoodie,Cardiff,97,4,548,3
143168,9/20/2024,BF1554,Accessories,Female,19,Hat,Cleveland,20,1,20,4
175511,10/11/2024,BF1554,Garment,Female,20,T-shirt,New Delhi,20,5,450,4
141624,2/11/2024,BF1550,Outerwear,Female,26,Coat,New Delhi,97,1,167,4
121344,9/6/2024,BF1543,Garment,Male,21,Dress,Memphis,100,1,100,1
130626,5/1/2024,BF1543,Garment,Male,20,Shirt,Pittsburgh,100,2,200,2
124565,12/10/2023,BF1552,Garment,Female,33,Skirt,Detroit,45,1,45,4
169741,3/6/2024,BF1548,Accessories,Male,20,Jewelry,Cleveland,65,1,65,3
121988,12/4/2023,BF1550,Accessories,Male,25,Hat,San Antonio,97,2,194,4
138465,6/11/2024,BF1548,Garment,Male,26,Shorts,Paris,65,1,115,4
124441,4/25/2024,BF1548,Accessories,Female,31,Scarf,Memphis,65,1,65,3
142964,8/1/2024,BF1548,Accessories,Female,18,Jewelry,Pittsburgh,65,1,65,5
135143,2/10/2024,BF1548,Accessories,Female,19,Sunglasses,Pittsburgh,65,5,325,5
140029,8/21/2024,BF1543,Outerwear,Male,31,Coat,San Francisco,100,3,300,5
191974,12/19/2023,BF1549,Outerwear,Male,18,Jacket,Glasgow,130,1,170,2
166057,10/6/2024,BF1548,Garment,Male,21,Sweater,Toronto,65,2,180,1
123308,12/2/2023,BF1550,Outerwear,Male,26,Coat,Memphis,97,1,97,4
169588,3/2/2024,BF1546,Accessories,Male,27,Scarf,Cardiff,118,1,158,5
138435,2/27/2024,BF1546,Accessories,Male,20,Belt,New York,118,1,118,3
187783,11/24/2023,BF1549,Accessories,Female,23,Hat,Detroit,130,1,130,1
153582,3/28/2024,BF1548,Accessories,Male,29,Backpack,Miami,65,1,65,2
192046,8/12/2024,BF1547,Garment,Male,29,T-shirt,San Antonio,32,4,128,5
178078,7/27/2024,BF1555,Accessories,Male,33,Jewelry,Detroit,23,1,23,3
141286,11/2/2024,BF1544,Accessories,Male,33,Sunglasses,New Jersey,9,2,18,1
196671,3/21/2024,BF1548,Garment,Male,24,Jeans,Miami,65,1,65,1
199228,4/26/2024,BF1551,Garment,Male,30,Pants,Sacramento,15,1,15,3
167207,11/26/2023,BF1550,Accessories,Male,30,Backpack,Manchester,97,2,274,5
153528,11/22/2023,BF1543,Accessories,Male,25,Scarf,Miami,100,1,100,5
147091,3/19/2024,BF1543,Garment,Male,21,Sweater,Dublin,100,1,140,5
142714,4/22/2024,BF1552,Accessories,Female,19,Jewelry,Manchester,45,1,85,5
152195,7/26/2024,BF1547,Footwear,Male,27,Sneakers,Cleveland,32,1,32,1
191316,10/29/2024,BF1543,Accessories,Male,30,Jewelry,Sydney,100,1,200,1
143552,2/22/2024,BF1554,Outerwear,Male,22,Coat,Sacramento,20,1,20,4
171279,10/3/2024,BF1548,Outerwear,Female,20,Coat,New Jersey,65,2,130,1
165140,10/26/2024,BF1544,Accessories,Male,35,Sunglasses,New York,9,3,27,4
133225,1/13/2024,BF1549,Accessories,Male,25,Handbag,Las Vegas,130,1,130,5
120358,8/29/2024,BF1553,Garment,Female,30,Sweater,Miami,50,3,150,5
189858,12/18/2023,BF1548,Garment,Male,29,Pants,Pittsburgh,65,1,65,1
128145,2/11/2024,BF1554,Accessories,Female,32,Gloves,New Jersey,20,1,20,5
195679,8/2/2024,BF1548,Garment,Female,20,Sweater,Cardiff,65,4,420,4
186771,12/7/2023,BF1548,Garment,Male,35,Hoodie,Mumbai,65,1,135,5
174922,12/31/2023,BF1544,Accessories,Male,25,Hat,Memphis,9,1,9,4
185660,9/12/2024,BF1548,Garment,Male,22,T-shirt,London,65,3,315,5
193147,1/22/2024,BF1545,Garment,Male,26,Skirt,Memphis,10,2,20,5
172554,3/5/2024,BF1545,Footwear,Male,33,Sneakers,Montreal,10,1,35,4
151777,6/8/2024,BF1551,Garment,Male,35,Shorts,Pittsburgh,15,1,15,5
178385,7/21/2024,BF1544,Garment,Male,25,Hoodie,Miami,9,4,36,4
139325,2/24/2024,BF1549,Garment,Female,34,Hoodie,Sydney,130,1,230,4
147697,3/8/2024,BF1548,Footwear,Female,33,Shoes,Miami,65,1,65,1
152593,2/22/2024,BF1551,Garment,Male,23,Hoodie,Glasgow,15,3,165,5
140040,1/7/2024,BF1550,Accessories,Female,19,Sunglasses,Austin,97,1,97,3
123332,2/19/2024,BF1543,Garment,Male,27,Skirt,San Antonio,100,1,100,1
154493,1/2/2024,BF1548,Accessories,Male,20,Hat,Montreal,65,1,90,5
177684,3/27/2024,BF1543,Accessories,Male,35,Backpack,New Jersey,100,1,100,4
152392,4/7/2024,BF1543,Accessories,Female,27,Sunglasses,San Antonio,100,1,100,4
148274,10/6/2024,BF1547,Accessories,Female,34,Belt,San Antonio,32,2,64,4
146621,10/3/2024,BF1549,Accessories,Female,27,Jewelry,San Francisco,130,1,130,5
189264,9/29/2024,BF1551,Footwear,Male,26,Sneakers,Cleveland,15,2,30,4
123617,2/24/2024,BF1548,Garment,Female,21,T-shirt,Sacramento,65,1,65,4
141076,11/7/2023,BF1543,Accessories,Female,22,Handbag,San Antonio,100,1,100,2
192397,1/4/2024,BF1545,Accessories,Male,19,Hat,Mumbai,10,1,80,4
188637,1/1/2024,BF1545,Garment,Male,25,Sweater,Toronto,10,3,105,5
155241,1/17/2024,BF1548,Footwear,Male,33,Sandals,Mumbai,65,2,270,5
174663,10/13/2024,BF1550,Accessories,Male,18,Scarf,San Antonio,97,1,97,3
144175,9/12/2024,BF1543,Garment,Male,18,Shirt,New Jersey,100,1,100,3
165104,11/16/2023,BF1548,Accessories,Male,20,Gloves,New York,65,1,65,4
148396,4/10/2024,BF1548,Garment,Male,26,Hoodie,Liverpool,65,2,210,2
146065,11/29/2023,BF1551,Accessories,Male,33,Jewelry,London,15,2,110,4
164285,2/17/2024,BF1551,Garment,Male,24,Shirt,Memphis,15,2,30,5
121500,10/25/2024,BF1549,Garment,Male,27,Hoodie,Pittsburgh,130,1,130,5
166465,7/25/2024,BF1548,Footwear,Male,33,Shoes,Toronto,65,1,90,4
185131,2/24/2024,BF1551,Garment,Male,32,T-shirt,Cleveland,15,1,15,2
136957,8/29/2024,BF1552,Garment,Female,18,Skirt,Memphis,45,4,180,5
159042,9/16/2024,BF1543,Accessories,Female,18,Handbag,Liverpool,100,1,140,3
194033,12/20/2023,BF1554,Garment,Female,33,Shirt,London,20,1,60,5
126362,1/29/2024,BF1543,Garment,Male,26,Pants,Cardiff,100,2,280,2
152479,11/13/2023,BF1545,Outerwear,Male,18,Coat,London,10,1,50,4
161251,2/22/2024,BF1551,Garment,Male,26,Jeans,Pittsburgh,15,1,15,2
188147,12/26/2023,BF1552,Accessories,Male,20,Gloves,New York,45,1,45,3
161342,4/19/2024,BF1548,Garment,Male,23,T-shirt,Mumbai,65,2,270,2
174920,1/8/2024,BF1544,Footwear,Male,35,Boots,Portland,9,2,18,5
199394,4/14/2024,BF1548,Garment,Male,29,Jeans,Portland,65,4,260,4
180773,12/24/2023,BF1554,Footwear,Male,29,Sneakers,New York,20,2,40,5
160871,2/25/2024,BF1546,Footwear,Female,28,Sneakers,Cleveland,118,2,236,3
172375,7/10/2024,BF1548,Accessories,Male,30,Hat,New Delhi,65,1,135,4
161371,1/3/2024,BF1548,Garment,Male,25,Pants,Sydney,65,1,165,3
183958,7/24/2024,BF1545,Accessories,Female,24,Jewelry,Cleveland,10,2,20,4
148991,10/29/2024,BF1547,Accessories,Female,33,Jewelry,New York,32,1,32,4
165183,6/27/2024,BF1547,Garment,Female,19,Blouse,New York,32,1,32,3
138528,5/10/2024,BF1550,Accessories,Male,21,Handbag,Cardiff,97,4,548,4
123693,1/31/2024,BF1548,Garment,Female,35,Shirt,San Francisco,65,1,65,4
131928,5/29/2024,BF1554,Garment,Male,19,Dress,San Antonio,20,2,40,1
156664,9/8/2024,BF1544,Garment,Female,22,T-shirt,Cleveland,9,1,9,2
144846,3/16/2024,BF1552,Footwear,Male,26,Shoes,San Antonio,45,1,45,4
122267,1/10/2024,BF1546,Accessories,Male,20,Belt,Austin,118,1,118,5
125828,3/9/2024,BF1544,Accessories,Female,32,Belt,Portland,9,1,9,3
168585,3/28/2024,BF1543,Accessories,Male,30,Handbag,New York,100,2,200,4
176400,6/11/2024,BF1551,Accessories,Male,26,Scarf,Cleveland,15,4,60,5
169427,11/2/2024,BF1546,Garment,Male,19,Shorts,Miami,118,1,118,4
161058,12/26/2023,BF1544,Footwear,Female,20,Sandals,Liverpool,9,2,98,4
175000,1/18/2024,BF1544,Garment,Male,26,Pants,Pittsburgh,9,1,9,5
147492,12/7/2023,BF1552,Garment,Male,29,Dress,New York,45,2,90,4
147267,5/30/2024,BF1545,Garment,Male,27,T-shirt,Toronto,10,1,35,4
195660,7/9/2024,BF1549,Garment,Female,25,Dress,Sacramento,130,1,130,3
162143,3/11/2024,BF1548,Garment,Male,34,Socks,London,65,1,105,1
154653,6/7/2024,BF1550,Accessories,Male,25,Scarf,Cleveland,97,1,97,5
146053,4/15/2024,BF1551,Accessories,Male,19,Backpack,Mumbai,15,1,85,1
137912,8/30/2024,BF1544,Garment,Female,25,Skirt,Liverpool,9,1,49,4
124760,10/2/2024,BF1543,Garment,Female,33,Socks,Detroit,100,1,100,4
184880,12/6/2023,BF1543,Outerwear,Female,30,Coat,Paris,100,1,150,5
161562,1/10/2024,BF1554,Accessories,Female,29,Jewelry,Liverpool,20,1,60,4
180333,6/22/2024,BF1548,Accessories,Male,19,Backpack,Glasgow,65,3,315,3
179854,3/23/2024,BF1544,Accessories,Male,24,Belt,Memphis,9,5,45,4
126791,8/4/2024,BF1553,Garment,Male,25,Dress,Sacramento,50,1,50,1
148984,1/5/2024,BF1548,Garment,Male,27,Skirt,Paris,65,1,115,4
120924,6/17/2024,BF1551,Garment,Male,20,Dress,Manchester,15,1,55,5
180955,11/27/2023,BF1548,Garment,Female,21,T-shirt,New Delhi,65,1,135,3
196929,11/18/2023,BF1548,Garment,Male,30,Skirt,Detroit,65,1,65,4
170246,1/13/2024,BF1545,Garment,Male,30,Shorts,Miami,10,2,20,5
158294,7/23/2024,BF1553,Accessories,Female,20,Jewelry,Portland,50,1,50,5
151393,7/4/2024,BF1553,Garment,Male,35,Pants,Sydney,50,1,150,5
137496,4/29/2024,BF1548,Accessories,Female,35,Belt,Cardiff,65,1,105,5
162975,6/23/2024,BF1547,Garment,Female,21,Jeans,Sacramento,32,1,32,4
145198,12/13/2023,BF1554,Garment,Female,35,Jeans,New York,20,1,20,3
177823,2/6/2024,BF1549,Accessories,Male,18,Hat,Cardiff,130,1,170,4
139302,2/6/2024,BF1545,Garment,Female,30,Blouse,Portland,10,2,20,2
158759,12/7/2023,BF1548,Garment,Female,29,Shirt,San Francisco,65,2,130,4
158957,10/12/2024,BF1543,Garment,Male,24,Shirt,Austin,100,1,100,3
188916,6/12/2024,BF1545,Garment,Male,18,T-shirt,San Antonio,10,1,10,5
143131,3/27/2024,BF1551,Outerwear,Female,22,Coat,Portland,15,3,45,2
191615,3/16/2024,BF1550,Outerwear,Female,33,Jacket,Sydney,97,1,197,4
191914,4/24/2024,BF1546,Garment,Female,24,Hoodie,San Antonio,118,1,118,1
177950,8/20/2024,BF1548,Accessories,Female,35,Scarf,Sydney,65,1,165,4
197278,4/4/2024,BF1550,Accessories,Male,33,Belt,Las Vegas,97,1,97,2
153092,11/7/2023,BF1545,Footwear,Male,24,Sneakers,Dublin,10,4,200,1
133436,12/25/2023,BF1543,Garment,Male,35,Socks,Cardiff,100,1,140,4
134630,11/10/2023,BF1545,Footwear,Female,35,Sandals,New Jersey,10,1,10,5
136677,11/12/2023,BF1551,Outerwear,Male,31,Coat,Detroit,15,1,15,4
129765,9/24/2024,BF1544,Footwear,Female,19,Shoes,San Antonio,9,1,9,5
165436,9/13/2024,BF1544,Accessories,Male,32,Scarf,Memphis,9,2,18,4
182754,7/17/2024,BF1553,Footwear,Male,35,Sneakers,New Delhi,50,1,120,3
144463,4/21/2024,BF1554,Accessories,Female,28,Belt,New York,20,1,20,3
198619,11/28/2023,BF1550,Accessories,Male,21,Handbag,Las Vegas,97,2,194,5
163699,6/17/2024,BF1543,Accessories,Female,29,Handbag,Miami,100,1,100,3
160933,2/25/2024,BF1548,Footwear,Male,32,Boots,Liverpool,65,1,105,5
181192,12/27/2023,BF1548,Footwear,Male,23,Boots,Cardiff,65,1,105,3
177435,8/16/2024,BF1551,Garment,Female,25,Pants,Sacramento,15,1,15,5
129016,3/2/2024,BF1548,Accessories,Female,34,Sunglasses,Cleveland,65,3,195,5
164497,8/14/2024,BF1548,Garment,Male,31,Hoodie,Mumbai,65,1,135,5
194001,8/31/2024,BF1551,Footwear,Male,33,Shoes,Memphis,15,3,45,4
137449,6/30/2024,BF1550,Accessories,Male,30,Handbag,London,97,1,137,1
196221,7/20/2024,BF1553,Outerwear,Male,34,Jacket,Dublin,50,1,90,3
147018,1/23/2024,BF1551,Garment,Male,19,Blouse,Dublin,15,1,55,4
157057,5/27/2024,BF1548,Garment,Male,26,Pants,Mumbai,65,1,135,3
154652,9/11/2024,BF1551,Footwear,Female,34,Boots,Cleveland,15,4,60,4
148015,8/3/2024,BF1548,Footwear,Male,20,Boots,New Jersey,65,1,65,4
148334,5/24/2024,BF1544,Garment,Male,25,Sweater,Sacramento,9,1,9,2
158772,3/16/2024,BF1546,Accessories,Male,32,Gloves,Manchester,118,4,632,4
192419,7/12/2024,BF1551,Garment,Male,22,Socks,Sacramento,15,4,60,3
124705,11/5/2023,BF1555,Garment,Female,35,Jeans,New York,23,1,23,3
139699,2/6/2024,BF1548,Garment,Male,34,Pants,Sacramento,65,5,325,3
178845,5/24/2024,BF1543,Garment,Female,29,Shorts,Detroit,100,5,500,5
136132,8/1/2024,BF1548,Accessories,Female,30,Gloves,Memphis,65,1,65,1
165812,4/12/2024,BF1554,Footwear,Male,19,Sandals,Sacramento,20,1,20,5
122012,11/17/2023,BF1548,Garment,Female,22,Blouse,Las Vegas,65,3,195,5
182858,2/21/2024,BF1543,Outerwear,Male,30,Jacket,New Jersey,100,1,100,2
143374,6/14/2024,BF1548,Accessories,Male,26,Jewelry,San Antonio,65,1,65,1
143091,10/12/2024,BF1551,Accessories,Female,22,Hat,New York,15,1,15,2
148514,4/16/2024,BF1544,Garment,Male,34,Socks,New York,9,2,18,5
143231,11/28/2023,BF1548,Accessories,Female,25,Handbag,Portland,65,1,65,5
159693,8/19/2024,BF1546,Garment,Female,30,Pants,Glasgow,118,1,158,4
141086,4/7/2024,BF1543,Accessories,Male,32,Gloves,Sydney,100,1,200,5
179562,8/5/2024,BF1544,Garment,Female,21,Sweater,New Jersey,9,1,9,4
191215,7/1/2024,BF1544,Accessories,Male,35,Hat,New Jersey,9,1,9,3
166252,10/7/2024,BF1551,Garment,Male,27,Dress,Sacramento,15,1,15,3
125856,6/1/2024,BF1547,Garment,Male,35,Pants,Miami,32,1,32,2
193816,7/3/2024,BF1549,Outerwear,Female,24,Coat,New Jersey,130,2,260,4
136214,3/26/2024,BF1555,Accessories,Male,21,Scarf,New Jersey,23,1,23,2
195850,9/5/2024,BF1552,Garment,Male,30,Hoodie,Las Vegas,45,1,45,2
132740,5/6/2024,BF1550,Garment,Female,30,Socks,Sacramento,97,1,97,4
157507,1/31/2024,BF1552,Garment,Male,28,Blouse,Sacramento,45,1,45,3
130176,4/11/2024,BF1554,Garment,Female,28,Socks,Manchester,20,5,300,1
183238,9/4/2024,BF1550,Garment,Male,27,Dress,Portland,97,1,97,5
121001,12/25/2023,BF1545,Garment,Female,19,Hoodie,San Francisco,10,4,40,4
194112,10/23/2024,BF1554,Garment,Male,30,T-shirt,Glasgow,20,2,120,2
170213,2/1/2024,BF1546,Accessories,Male,25,Hat,London,118,1,158,5
157153,6/16/2024,BF1553,Footwear,Male,28,Boots,Montreal,50,5,375,1
181524,9/12/2024,BF1545,Garment,Male,30,Jeans,Pittsburgh,10,2,20,4
164732,9/9/2024,BF1554,Garment,Male,31,Shorts,New Delhi,20,1,90,4
133409,9/21/2024,BF1554,Footwear,Male,23,Sandals,Portland,20,2,40,4
158241,12/28/2023,BF1543,Footwear,Male,25,Sandals,Dublin,100,1,140,1
195750,12/26/2023,BF1546,Footwear,Male,22,Sneakers,Mumbai,118,1,188,1
168947,11/6/2023,BF1551,Accessories,Male,23,Hat,Paris,15,1,65,4
143492,9/30/2024,BF1554,Outerwear,Male,22,Coat,New Jersey,20,1,20,4
151691,11/17/2023,BF1543,Garment,Male,32,Dress,Portland,100,1,100,3
170016,4/15/2024,BF1543,Footwear,Male,34,Boots,Pittsburgh,100,1,100,4
135688,11/1/2024,BF1548,Garment,Female,18,Skirt,New Delhi,65,1,135,4
181021,8/31/2024,BF1548,Garment,Female,35,Shirt,Memphis,65,1,65,3
165910,1/5/2024,BF1553,Garment,Male,33,Shirt,Pittsburgh,50,1,50,5
160491,3/22/2024,BF1549,Footwear,Male,25,Boots,New York,130,1,130,5
136952,8/29/2024,BF1548,Garment,Male,18,Hoodie,Toronto,65,3,270,1
138436,10/17/2024,BF1548,Garment,Female,18,Sweater,Detroit,65,1,65,2
193619,4/28/2024,BF1549,Garment,Male,18,Shirt,New Jersey,130,1,130,3
199480,8/1/2024,BF1551,Garment,Male,34,Blouse,New Jersey,15,2,30,4
158301,7/27/2024,BF1554,Garment,Female,18,T-shirt,Dublin,20,2,120,5
186401,5/16/2024,BF1550,Outerwear,Male,35,Jacket,Pittsburgh,97,1,97,3
198137,10/11/2024,BF1545,Accessories,Male,24,Jewelry,New Jersey,10,2,20,3
144564,12/4/2023,BF1555,Garment,Male,33,Hoodie,Sacramento,23,1,23,3
175965,7/16/2024,BF1549,Accessories,Male,28,Jewelry,Portland,130,1,130,3
153935,4/19/2024,BF1544,Footwear,Female,27,Sandals,Miami,9,4,36,5
171940,11/9/2023,BF1543,Garment,Male,28,Jeans,Manchester,100,3,420,4
174191,4/8/2024,BF1551,Accessories,Male,31,Hat,New Jersey,15,3,45,4
126756,8/19/2024,BF1548,Garment,Male,33,Sweater,Toronto,65,1,90,5
153060,7/23/2024,BF1548,Footwear,Male,31,Boots,Cleveland,65,1,65,1
181653,8/16/2024,BF1548,Garment,Male,29,Blouse,Cardiff,65,1,105,4
189933,5/9/2024,BF1554,Garment,Male,21,Shorts,Mumbai,20,3,270,5
145559,11/7/2023,BF1548,Garment,Male,26,Hoodie,Montreal,65,2,180,4
191542,10/27/2024,BF1549,Garment,Male,28,Pants,New York,130,1,130,4
141816,10/22/2024,BF1546,Accessories,Female,18,Belt,New Delhi,118,1,188,3
178872,1/31/2024,BF1552,Garment,Female,29,Shirt,Toronto,45,1,70,4
180487,4/15/2024,BF1544,Garment,Male,32,Shirt,San Antonio,9,1,9,5
196844,12/6/2023,BF1548,Garment,Male,26,Dress,Manchester,65,1,105,2
197530,3/27/2024,BF1548,Accessories,Male,26,Gloves,Cardiff,65,1,105,5
141548,6/12/2024,BF1544,Accessories,Female,28,Gloves,Miami,9,1,9,5
151514,11/3/2024,BF1548,Garment,Female,18,Jeans,Montreal,65,1,90,5
159788,8/16/2024,BF1544,Accessories,Female,31,Belt,Manchester,9,1,49,5
171682,11/4/2024,BF1545,Outerwear,Female,22,Jacket,Sacramento,10,2,20,3
162314,7/13/2024,BF1550,Garment,Female,25,Skirt,New York,97,3,291,1
126135,11/21/2023,BF1548,Footwear,Male,31,Sandals,Austin,65,4,260,4
141241,12/16/2023,BF1544,Accessories,Female,19,Belt,Manchester,9,1,49,3
134979,6/25/2024,BF1551,Garment,Female,22,Sweater,San Antonio,15,1,15,5
188503,5/21/2024,BF1550,Garment,Male,30,Shirt,Toronto,97,4,488,5
190743,7/9/2024,BF1546,Footwear,Male,23,Sneakers,London,118,2,316,5
156453,3/23/2024,BF1548,Garment,Female,19,Jeans,Liverpool,65,1,105,4
192514,12/22/2023,BF1544,Footwear,Female,19,Sandals,Cleveland,9,2,18,4
187891,4/23/2024,BF1554,Garment,Male,18,Pants,Glasgow,20,1,60,1
169695,5/29/2024,BF1548,Accessories,Male,20,Belt,Memphis,65,1,65,3
161804,1/20/2024,BF1546,Garment,Male,31,T-shirt,Memphis,118,5,590,2
175779,7/30/2024,BF1547,Garment,Male,22,Shirt,Portland,32,3,96,1
187319,2/9/2024,BF1543,Footwear,Male,29,Sneakers,Manchester,100,1,140,4
135944,11/19/2023,BF1550,Garment,Male,30,Blouse,Memphis,97,4,388,1
136255,9/26/2024,BF1551,Accessories,Male,27,Backpack,Detroit,15,3,45,3
128847,7/6/2024,BF1548,Garment,Male,32,Pants,Portland,65,2,130,4
176012,9/28/2024,BF1543,Garment,Female,30,Sweater,Mumbai,100,1,170,5
165229,6/10/2024,BF1550,Outerwear,Male,19,Coat,Sacramento,97,1,97,5
155732,11/14/2023,BF1548,Garment,Male,33,Dress,Toronto,65,4,360,2
140596,12/2/2023,BF1547,Garment,Male,28,Blouse,New Jersey,32,1,32,3
162752,2/24/2024,BF1551,Garment,Male,21,Hoodie,Portland,15,1,15,3
137983,2/10/2024,BF1548,Footwear,Male,23,Shoes,Portland,65,1,65,4
152975,7/12/2024,BF1553,Garment,Male,18,T-shirt,Glasgow,50,3,270,4
139907,6/13/2024,BF1549,Footwear,Female,26,Shoes,Cleveland,130,2,260,1
138676,5/18/2024,BF1550,Footwear,Male,20,Boots,Memphis,97,1,97,5
140069,2/9/2024,BF1550,Garment,Male,24,Shorts,Toronto,97,1,122,5
199810,6/30/2024,BF1551,Accessories,Male,35,Belt,Miami,15,1,15,5
188779,9/20/2024,BF1544,Garment,Female,29,Pants,Glasgow,9,1,49,4
131830,7/18/2024,BF1545,Garment,Female,23,Shorts,Cleveland,10,1,10,1
180931,3/11/2024,BF1545,Accessories,Female,31,Sunglasses,Sacramento,10,1,10,5
125658,1/1/2024,BF1548,Accessories,Male,32,Hat,Miami,65,3,195,1
168773,12/28/2023,BF1543,Garment,Female,20,T-shirt,Sydney,100,2,400,4
181695,4/7/2024,BF1555,Garment,Female,30,Pants,San Antonio,23,1,23,3
185047,5/20/2024,BF1555,Garment,Male,29,Shorts,New Jersey,23,4,92,5
147469,1/22/2024,BF1551,Accessories,Female,35,Jewelry,Montreal,15,1,40,5
180409,8/14/2024,BF1545,Accessories,Male,26,Backpack,San Antonio,10,3,30,1
120804,9/12/2024,BF1543,Footwear,Male,29,Shoes,Sacramento,100,1,100,2
123023,12/30/2023,BF1548,Outerwear,Male,30,Coat,Cardiff,65,1,105,5
148737,3/3/2024,BF1551,Garment,Male,29,Sweater,Sacramento,15,1,15,4
136188,3/30/2024,BF1544,Accessories,Male,30,Gloves,Las Vegas,9,2,18,3
122156,6/7/2024,BF1544,Accessories,Male,18,Handbag,Miami,9,2,18,2
124831,5/18/2024,BF1548,Garment,Female,29,Socks,Detroit,65,1,65,4
189179,7/14/2024,BF1545,Garment,Male,24,Hoodie,Las Vegas,10,4,40,3
149305,4/6/2024,BF1551,Garment,Male,33,Pants,New Delhi,15,3,255,2
153266,1/23/2024,BF1552,Outerwear,Male,29,Coat,Miami,45,5,225,5
171723,11/7/2023,BF1551,Footwear,Female,31,Boots,Mumbai,15,1,85,5
166004,12/14/2023,BF1545,Footwear,Male,20,Sneakers,New York,10,5,50,5
129148,8/29/2024,BF1552,Garment,Male,21,Sweater,Pittsburgh,45,1,45,3
145325,2/27/2024,BF1550,Accessories,Male,27,Handbag,New Jersey,97,1,97,4
141610,9/22/2024,BF1545,Accessories,Female,31,Belt,Manchester,10,1,50,1
132662,4/12/2024,BF1553,Accessories,Female,18,Belt,Montreal,50,3,225,3
176718,6/14/2024,BF1552,Garment,Female,35,Hoodie,Miami,45,1,45,1
129221,4/3/2024,BF1552,Accessories,Male,20,Sunglasses,Portland,45,2,90,1
192187,9/6/2024,BF1550,Footwear,Female,34,Sneakers,New York,97,1,97,2
163817,5/17/2024,BF1549,Garment,Male,19,T-shirt,Sydney,130,1,230,4
126535,9/11/2024,BF1543,Garment,Female,24,Dress,San Francisco,100,3,300,1
167199,11/8/2023,BF1551,Garment,Male,31,Hoodie,Glasgow,15,2,110,4
161459,2/22/2024,BF1543,Garment,Male,22,Sweater,Pittsburgh,100,2,200,5
164352,2/25/2024,BF1545,Accessories,Male,26,Belt,Sacramento,10,4,40,4
174255,10/12/2024,BF1552,Garment,Female,20,Socks,Portland,45,1,45,5
122228,1/31/2024,BF1548,Accessories,Female,24,Sunglasses,Dublin,65,1,105,4
156991,2/26/2024,BF1546,Outerwear,Male,34,Coat,Toronto,118,1,143,1
175337,2/13/2024,BF1544,Accessories,Male,22,Hat,Miami,9,5,45,5
123607,9/29/2024,BF1550,Garment,Male,24,Pants,Portland,97,1,97,5
144389,5/18/2024,BF1550,Accessories,Male,21,Backpack,Memphis,97,1,97,2
136101,1/1/2024,BF1544,Garment,Male,23,Shorts,San Antonio,9,1,9,5
189679,1/2/2024,BF1551,Outerwear,Male,26,Jacket,San Antonio,15,2,30,2
142519,8/1/2024,BF1550,Accessories,Female,21,Backpack,Pittsburgh,97,3,291,4
162427,7/25/2024,BF1547,Accessories,Female,30,Scarf,Sacramento,32,1,32,1
193804,3/18/2024,BF1553,Garment,Female,32,Hoodie,Cardiff,50,3,270,1
141632,12/2/2023,BF1548,Garment,Male,20,Skirt,Las Vegas,65,1,65,5
123991,12/31/2023,BF1551,Garment,Male,24,Dress,Las Vegas,15,1,15,4
130987,1/11/2024,BF1546,Outerwear,Male,35,Coat,Memphis,118,3,354,1
153637,9/11/2024,BF1551,Garment,Male,26,Blouse,Detroit,15,1,15,5
131742,12/8/2023,BF1549,Accessories,Male,31,Hat,Cardiff,130,1,170,1
167565,9/19/2024,BF1543,Accessories,Female,19,Handbag,Las Vegas,100,1,100,4
167560,6/7/2024,BF1551,Accessories,Male,24,Belt,Portland,15,2,30,2
128243,5/9/2024,BF1544,Accessories,Male,18,Belt,Cleveland,9,1,9,5
134620,10/5/2024,BF1551,Garment,Female,19,Shirt,Mumbai,15,2,170,4
177539,3/26/2024,BF1552,Footwear,Female,20,Shoes,Austin,45,2,90,1
152963,5/15/2024,BF1548,Accessories,Female,35,Scarf,Sacramento,65,1,65,3
148282,3/30/2024,BF1552,Garment,Female,30,Pants,Sacramento,45,1,45,2
161151,5/7/2024,BF1551,Garment,Male,21,Blouse,San Antonio,15,3,45,5
169363,6/11/2024,BF1554,Accessories,Female,31,Gloves,Sydney,20,1,120,5
195014,3/4/2024,BF1550,Accessories,Male,23,Handbag,Montreal,97,4,488,5
160130,2/8/2024,BF1554,Footwear,Female,29,Sneakers,Detroit,20,4,80,3
142252,12/21/2023,BF1543,Footwear,Female,29,Sandals,Las Vegas,100,4,400,5
189169,2/25/2024,BF1548,Accessories,Male,29,Sunglasses,Miami,65,1,65,1
185051,11/9/2023,BF1550,Outerwear,Male,34,Jacket,Detroit,97,1,97,3
184610,1/14/2024,BF1552,Garment,Female,33,T-shirt,Montreal,45,1,70,5
182348,1/9/2024,BF1548,Footwear,Male,26,Sneakers,Montreal,65,1,90,5
181278,4/26/2024,BF1549,Footwear,Male,29,Shoes,Dublin,130,2,340,4
199175,5/28/2024,BF1544,Outerwear,Male,23,Jacket,Sacramento,9,1,9,4
153960,4/29/2024,BF1549,Accessories,Male,29,Scarf,Sacramento,130,1,130,1
169057,6/13/2024,BF1551,Footwear,Male,35,Sneakers,San Antonio,15,3,45,3
150607,11/21/2023,BF1549,Accessories,Male,23,Jewelry,Cleveland,130,5,650,4
139311,11/22/2023,BF1548,Outerwear,Male,20,Jacket,San Francisco,65,3,195,4
145077,7/2/2024,BF1549,Garment,Male,25,Blouse,New Jersey,130,1,130,4
174884,8/19/2024,BF1552,Garment,Male,20,Dress,Pittsburgh,45,1,45,1
162240,8/1/2024,BF1550,Accessories,Male,23,Scarf,Las Vegas,97,4,388,5
126895,11/27/2023,BF1544,Accessories,Male,27,Hat,Dublin,9,1,49,4
151188,10/16/2024,BF1547,Garment,Female,27,Blouse,Manchester,32,1,72,5
133575,11/22/2023,BF1546,Accessories,Male,34,Gloves,New Jersey,118,1,118,5
162184,4/23/2024,BF1548,Accessories,Male,22,Gloves,New York,65,1,65,5
156380,10/16/2024,BF1548,Outerwear,Male,20,Coat,San Francisco,65,5,325,3
154163,12/17/2023,BF1551,Accessories,Male,23,Scarf,San Francisco,15,1,15,2
120477,3/9/2024,BF1547,Garment,Male,22,Pants,Austin,32,1,32,1
155007,8/14/2024,BF1551,Accessories,Male,23,Sunglasses,Cardiff,15,1,55,4
182684,1/17/2024,BF1552,Garment,Male,20,Dress,Memphis,45,2,90,3
158536,6/27/2024,BF1544,Accessories,Female,27,Hat,Austin,9,1,9,5
178278,2/25/2024,BF1543,Accessories,Male,25,Backpack,Manchester,100,1,140,4
187274,7/7/2024,BF1546,Footwear,Male,18,Sandals,Glasgow,118,2,316,5
184378,4/1/2024,BF1546,Accessories,Male,34,Sunglasses,Pittsburgh,118,1,118,5
192272,11/25/2023,BF1551,Accessories,Female,28,Backpack,Memphis,15,3,45,4
142803,2/24/2024,BF1546,Accessories,Male,21,Jewelry,Memphis,118,1,118,1
130314,9/1/2024,BF1554,Garment,Female,18,Socks,Pittsburgh,20,5,100,4
175613,1/30/2024,BF1546,Garment,Male,33,Shirt,Memphis,118,3,354,4
140048,7/27/2024,BF1543,Accessories,Male,32,Handbag,Memphis,100,3,300,5
167350,3/8/2024,BF1544,Garment,Female,27,Blouse,Memphis,9,1,9,1
121465,4/11/2024,BF1548,Accessories,Male,26,Backpack,San Antonio,65,1,65,5
182155,5/21/2024,BF1550,Accessories,Male,22,Hat,Cardiff,97,1,137,5
170057,6/5/2024,BF1548,Garment,Female,20,Skirt,Mumbai,65,1,135,5
130612,5/22/2024,BF1551,Garment,Male,32,Shorts,Cleveland,15,1,15,5
147329,8/19/2024,BF1548,Garment,Male,18,Blouse,Austin,65,1,65,5
154702,9/5/2024,BF1549,Garment,Male,29,Socks,New Jersey,130,1,130,3
163288,9/16/2024,BF1551,Accessories,Male,32,Belt,San Francisco,15,1,15,4
154439,3/15/2024,BF1543,Footwear,Male,27,Boots,Detroit,100,1,100,5
123699,4/24/2024,BF1551,Garment,Female,24,Shorts,Memphis,15,1,15,5
178244,5/16/2024,BF1548,Garment,Female,28,Shirt,Portland,65,1,65,2
163319,5/13/2024,BF1550,Accessories,Male,18,Handbag,Miami,97,3,291,4
174592,3/13/2024,BF1549,Garment,Male,34,Jeans,Cleveland,130,3,390,5
150373,12/23/2023,BF1545,Garment,Male,30,Dress,Cleveland,10,1,10,5
195968,12/14/2023,BF1544,Garment,Male,24,Dress,Las Vegas,9,2,18,4
180568,3/21/2024,BF1543,Footwear,Male,26,Sandals,Memphis,100,4,400,2
157348,12/11/2023,BF1554,Outerwear,Male,30,Jacket,Miami,20,1,20,1
159296,9/14/2024,BF1551,Outerwear,Male,18,Coat,Miami,15,2,30,5
179464,2/2/2024,BF1550,Garment,Male,21,Pants,Portland,97,2,194,4
191314,12/20/2023,BF1548,Accessories,Male,22,Backpack,Cardiff,65,2,210,4
163924,9/13/2024,BF1552,Garment,Male,35,Blouse,Las Vegas,45,2,90,5
144218,12/17/2023,BF1544,Garment,Male,34,Skirt,San Antonio,9,3,27,5
178420,7/28/2024,BF1549,Footwear,Female,25,Sandals,Portland,130,4,520,4
148152,3/20/2024,BF1546,Garment,Male,20,Pants,New Jersey,118,1,118,4
124975,8/19/2024,BF1548,Accessories,Male,19,Hat,Paris,65,1,115,4
161545,4/16/2024,BF1548,Garment,Male,21,Hoodie,Miami,65,1,65,4
127681,10/29/2024,BF1550,Garment,Female,27,Sweater,Sacramento,97,1,97,3
194741,2/6/2024,BF1551,Accessories,Male,22,Scarf,Portland,15,2,30,1
156586,8/5/2024,BF1551,Footwear,Male,23,Sneakers,Pittsburgh,15,1,15,1
189111,7/24/2024,BF1553,Footwear,Male,30,Boots,Paris,50,1,100,5
189089,11/8/2023,BF1551,Outerwear,Male,21,Coat,Cleveland,15,1,15,4
162838,11/4/2024,BF1548,Footwear,Female,26,Boots,Sacramento,65,1,65,2
129081,5/23/2024,BF1548,Footwear,Male,26,Sandals,Sacramento,65,1,65,5
120400,4/5/2024,BF1543,Garment,Female,27,Pants,New York,100,2,200,3
135649,10/1/2024,BF1545,Garment,Female,21,Hoodie,Mumbai,10,2,160,3
193317,7/17/2024,BF1546,Footwear,Female,33,Sandals,Miami,118,3,354,1
128100,12/7/2023,BF1544,Garment,Male,25,Sweater,Miami,9,1,9,2
126934,6/17/2024,BF1551,Accessories,Male,35,Belt,London,15,4,220,5
194868,8/19/2024,BF1545,Garment,Male,23,Jeans,London,10,1,50,5
161805,7/6/2024,BF1544,Garment,Male,19,Hoodie,Toronto,9,1,34,5
151876,6/11/2024,BF1549,Footwear,Male,20,Boots,San Antonio,130,4,520,5
146237,11/24/2023,BF1548,Garment,Male,35,Socks,Toronto,65,1,90,5
163592,8/19/2024,BF1552,Garment,Female,26,Dress,Toronto,45,1,70,2
165585,7/26/2024,BF1548,Outerwear,Male,35,Jacket,San Francisco,65,1,65,5
134805,11/18/2023,BF1543,Outerwear,Male,22,Jacket,Montreal,100,1,125,3
134970,3/26/2024,BF1548,Footwear,Male,23,Boots,San Antonio,65,1,65,4
146243,8/3/2024,BF1546,Footwear,Male,27,Sneakers,Manchester,118,3,474,5
170641,12/6/2023,BF1555,Garment,Male,32,Pants,New York,23,1,23,5
180956,4/4/2024,BF1544,Outerwear,Female,18,Coat,Pittsburgh,9,3,27,3
146887,10/6/2024,BF1544,Garment,Female,22,Shirt,San Francisco,9,5,45,5
176167,8/17/2024,BF1551,Garment,Male,30,Sweater,Sydney,15,1,115,5
177375,8/30/2024,BF1543,Footwear,Male,18,Shoes,New Jersey,100,1,100,5
134083,3/27/2024,BF1555,Footwear,Male,25,Boots,San Francisco,23,1,23,2
162285,4/21/2024,BF1544,Accessories,Male,28,Sunglasses,Sydney,9,1,109,5
141841,8/25/2024,BF1544,Footwear,Male,25,Sneakers,San Antonio,9,3,27,5
142505,8/30/2024,BF1550,Accessories,Male,27,Jewelry,Austin,97,2,194,3
157101,4/19/2024,BF1543,Accessories,Male,19,Belt,Mumbai,100,1,170,4
180133,6/2/2024,BF1543,Accessories,Female,34,Gloves,New Jersey,100,1,100,1
178271,6/5/2024,BF1550,Garment,Male,27,Shorts,Portland,97,2,194,4
143145,10/1/2024,BF1543,Accessories,Female,30,Jewelry,New Delhi,100,1,170,1
174774,7/3/2024,BF1549,Accessories,Male,20,Gloves,Portland,130,3,390,5
148835,5/20/2024,BF1544,Accessories,Male,34,Jewelry,San Francisco,9,2,18,4
163152,8/5/2024,BF1548,Footwear,Female,18,Sandals,Manchester,65,4,420,4
150885,5/13/2024,BF1552,Accessories,Female,23,Jewelry,New Jersey,45,1,45,5
154515,7/5/2024,BF1549,Accessories,Male,27,Hat,Toronto,130,1,155,3
177581,4/28/2024,BF1548,Garment,Male,32,Shorts,San Francisco,65,3,195,5
198448,10/2/2024,BF1548,Garment,Male,30,Sweater,Pittsburgh,65,1,65,3
199946,11/27/2023,BF1549,Garment,Male,35,Blouse,New York,130,3,390,5
156202,4/18/2024,BF1543,Accessories,Male,33,Hat,Toronto,100,1,125,2
156050,3/14/2024,BF1555,Accessories,Male,29,Belt,London,23,2,126,1
182517,1/25/2024,BF1554,Accessories,Male,32,Gloves,Manchester,20,3,180,3
161105,6/29/2024,BF1547,Outerwear,Male,24,Coat,London,32,1,72,5
135736,2/19/2024,BF1545,Accessories,Female,35,Jewelry,Portland,10,1,10,2
130620,10/1/2024,BF1548,Garment,Female,18,Skirt,San Antonio,65,1,65,4
166222,12/31/2023,BF1543,Accessories,Male,26,Gloves,Memphis,100,1,100,1
122801,3/23/2024,BF1551,Accessories,Male,27,Jewelry,San Francisco,15,1,15,5
184338,6/25/2024,BF1555,Garment,Male,20,Shorts,San Antonio,23,1,23,1
168425,8/6/2024,BF1543,Accessories,Male,19,Gloves,Pittsburgh,100,3,300,3
168689,11/24/2023,BF1544,Footwear,Male,28,Sneakers,London,9,1,49,1
193095,12/25/2023,BF1551,Garment,Male,26,Skirt,Las Vegas,15,2,30,4
176452,3/7/2024,BF1547,Accessories,Male,31,Hat,New Delhi,32,1,102,5
120922,9/24/2024,BF1553,Accessories,Male,24,Jewelry,Memphis,50,1,50,1
147277,10/28/2024,BF1547,Footwear,Female,33,Sneakers,New Jersey,32,1,32,4
196604,5/17/2024,BF1545,Garment,Male,19,Shirt,New Delhi,10,3,240,5
157259,11/28/2023,BF1548,Outerwear,Male,28,Jacket,New York,65,1,65,3
122726,2/21/2024,BF1543,Accessories,Male,32,Belt,Miami,100,1,100,4
198982,10/18/2024,BF1545,Garment,Male,20,T-shirt,London,10,1,50,5
185677,3/20/2024,BF1544,Accessories,Male,27,Jewelry,Miami,9,2,18,5
195087,4/4/2024,BF1544,Garment,Male,19,T-shirt,Montreal,9,1,34,4
123555,2/10/2024,BF1551,Outerwear,Female,18,Jacket,Pittsburgh,15,2,30,4
158178,7/10/2024,BF1548,Garment,Male,19,Sweater,Cleveland,65,1,65,4
184741,6/11/2024,BF1551,Footwear,Male,21,Boots,Portland,15,1,15,5
160548,12/12/2023,BF1547,Garment,Female,32,Jeans,Cleveland,32,2,64,5
122132,6/30/2024,BF1543,Garment,Female,34,Jeans,Miami,100,4,400,4
153257,5/23/2024,BF1543,Garment,Female,23,Pants,Miami,100,3,300,1
169538,3/26/2024,BF1548,Outerwear,Female,31,Jacket,Las Vegas,65,2,130,4
126859,4/3/2024,BF1550,Outerwear,Male,31,Jacket,New Delhi,97,1,167,4
188585,7/20/2024,BF1548,Accessories,Male,35,Belt,New Jersey,65,4,260,4
166769,5/20/2024,BF1544,Garment,Male,34,Shirt,London,9,4,196,5
151247,3/19/2024,BF1552,Garment,Male,21,Dress,Pittsburgh,45,3,135,4
174540,12/16/2023,BF1547,Garment,Male,19,Blouse,New York,32,1,32,1
141187,7/9/2024,BF1545,Garment,Female,30,Dress,Memphis,10,1,10,4
163009,1/18/2024,BF1543,Garment,Male,27,Blouse,Toronto,100,1,125,5
158200,9/16/2024,BF1549,Garment,Male,20,Dress,Toronto,130,1,155,2
154708,12/1/2023,BF1552,Footwear,Male,22,Sneakers,Memphis,45,1,45,5
188268,8/12/2024,BF1548,Garment,Male,28,Socks,Glasgow,65,1,105,5
136689,11/23/2023,BF1551,Footwear,Female,18,Shoes,Portland,15,1,15,1
194237,1/15/2024,BF1554,Garment,Male,35,Jeans,Mumbai,20,1,90,4
187272,8/28/2024,BF1545,Garment,Female,27,Jeans,Manchester,10,4,200,4
122874,9/11/2024,BF1554,Accessories,Male,34,Gloves,Sydney,20,2,240,3
197521,10/31/2024,BF1544,Accessories,Male,25,Belt,Pittsburgh,9,1,9,4
184568,1/1/2024,BF1545,Accessories,Male,34,Sunglasses,Dublin,10,1,50,4
125496,12/14/2023,BF1548,Accessories,Male,31,Hat,Manchester,65,2,210,5
143861,7/11/2024,BF1548,Accessories,Male,23,Backpack,Sacramento,65,3,195,2
171853,8/4/2024,BF1548,Garment,Male,21,Shorts,San Antonio,65,2,130,5
165543,10/16/2024,BF1550,Garment,Male,21,Socks,Memphis,97,2,194,4
174284,4/21/2024,BF1551,Garment,Male,18,Socks,Sacramento,15,5,75,4
149022,8/4/2024,BF1544,Accessories,Male,32,Belt,Sydney,9,2,218,1
160877,10/28/2024,BF1550,Outerwear,Female,26,Jacket,Pittsburgh,97,1,97,1
184211,6/27/2024,BF1548,Accessories,Female,24,Hat,Sacramento,65,1,65,1
169547,1/30/2024,BF1544,Garment,Male,27,T-shirt,Miami,9,1,9,5
150602,3/24/2024,BF1543,Accessories,Male,22,Backpack,San Antonio,100,3,300,3
194334,2/18/2024,BF1551,Outerwear,Male,32,Coat,London,15,5,275,4
182204,7/28/2024,BF1549,Accessories,Female,23,Backpack,Detroit,130,4,520,4
189905,9/10/2024,BF1544,Outerwear,Male,34,Jacket,Las Vegas,9,1,9,5
195756,8/23/2024,BF1547,Footwear,Female,29,Shoes,Austin,32,4,128,5
154440,11/25/2023,BF1551,Garment,Female,20,Blouse,Pittsburgh,15,1,15,3
191788,7/27/2024,BF1551,Footwear,Female,33,Sandals,San Francisco,15,1,15,4
196112,5/12/2024,BF1549,Accessories,Female,18,Sunglasses,Memphis,130,4,520,5
189300,11/27/2023,BF1554,Footwear,Male,19,Shoes,Montreal,20,4,180,4
152313,12/30/2023,BF1550,Garment,Male,27,Dress,Pittsburgh,97,1,97,5
154665,12/14/2023,BF1547,Accessories,Female,21,Belt,Pittsburgh,32,2,64,3
183436,1/21/2024,BF1548,Garment,Male,19,Shorts,Sacramento,65,1,65,5
120269,1/29/2024,BF1544,Accessories,Male,32,Handbag,Toronto,9,2,68,4
161806,1/31/2024,BF1543,Garment,Male,21,Blouse,San Antonio,100,1,100,4
170336,9/20/2024,BF1548,Garment,Male,34,Jeans,Detroit,65,4,260,1
120097,1/18/2024,BF1548,Accessories,Male,35,Jewelry,London,65,1,105,5
162265,1/7/2024,BF1543,Accessories,Male,18,Belt,San Antonio,100,1,100,4
161694,8/28/2024,BF1554,Footwear,Male,21,Sneakers,New Delhi,20,1,90,5
179352,11/11/2023,BF1543,Accessories,Female,31,Hat,Sydney,100,1,200,4
140107,2/29/2024,BF1554,Garment,Female,23,Dress,New Jersey,20,1,20,5
121959,10/10/2024,BF1550,Footwear,Male,32,Sneakers,Cleveland,97,1,97,1
121438,2/16/2024,BF1554,Accessories,Male,34,Sunglasses,Toronto,20,1,45,5
122714,4/21/2024,BF1551,Accessories,Male,23,Handbag,New Jersey,15,1,15,1
131107,6/21/2024,BF1546,Garment,Female,19,Blouse,San Antonio,118,4,472,4
131509,12/19/2023,BF1548,Garment,Male,21,Blouse,Sacramento,65,1,65,3
135485,7/13/2024,BF1546,Garment,Male,25,Shorts,Miami,118,4,472,3
199503,7/17/2024,BF1554,Garment,Female,29,Shorts,Detroit,20,1,20,3
185725,11/24/2023,BF1553,Garment,Male,34,Hoodie,Detroit,50,5,250,2
125971,1/27/2024,BF1544,Accessories,Male,24,Backpack,New Jersey,9,2,18,5
196655,11/12/2023,BF1549,Accessories,Male,21,Sunglasses,Detroit,130,1,130,4
197494,9/15/2024,BF1544,Accessories,Male,33,Scarf,San Antonio,9,1,9,4
156841,12/11/2023,BF1551,Accessories,Male,35,Hat,New York,15,2,30,4
123990,3/4/2024,BF1552,Accessories,Male,18,Scarf,Sacramento,45,1,45,4
174043,7/16/2024,BF1548,Accessories,Female,33,Scarf,Sacramento,65,1,65,5
157704,7/13/2024,BF1544,Garment,Male,24,Pants,Pittsburgh,9,1,9,2
159764,10/11/2024,BF1544,Accessories,Female,24,Backpack,Glasgow,9,1,49,2
127981,4/22/2024,BF1550,Accessories,Male,27,Sunglasses,Memphis,97,1,97,2
148568,5/16/2024,BF1544,Footwear,Male,28,Sneakers,New York,9,1,9,3
156599,4/22/2024,BF1545,Accessories,Male,26,Backpack,Pittsburgh,10,4,40,1
152122,1/16/2024,BF1545,Footwear,Male,30,Sneakers,Las Vegas,10,1,10,5
184856,12/2/2023,BF1545,Garment,Male,21,Skirt,San Antonio,10,1,10,4
139568,2/26/2024,BF1544,Garment,Male,27,Pants,San Francisco,9,1,9,3
151092,5/24/2024,BF1548,Accessories,Male,30,Jewelry,Miami,65,3,195,5
188118,6/13/2024,BF1544,Garment,Male,32,Skirt,Austin,9,1,9,3
151282,10/11/2024,BF1548,Garment,Male,23,T-shirt,New Jersey,65,1,65,4
191209,5/6/2024,BF1552,Garment,Male,27,Skirt,Miami,45,1,45,5
195931,4/30/2024,BF1545,Garment,Male,24,Shirt,Austin,10,1,10,3
196729,4/5/2024,BF1545,Garment,Male,21,Dress,Sydney,10,1,110,5
180507,12/4/2023,BF1543,Footwear,Male,18,Boots,Toronto,100,4,500,3
143035,5/3/2024,BF1555,Garment,Female,22,Pants,Memphis,23,1,23,3
187048,8/21/2024,BF1548,Outerwear,Male,26,Jacket,Montreal,65,1,90,4
142396,5/15/2024,BF1548,Footwear,Male,24,Sneakers,Toronto,65,1,90,2
153122,3/30/2024,BF1548,Accessories,Female,23,Jewelry,Detroit,65,1,65,5
173340,7/19/2024,BF1548,Accessories,Male,30,Belt,Cleveland,65,1,65,5
143586,8/22/2024,BF1545,Accessories,Male,28,Scarf,Memphis,10,1,10,2
186330,6/28/2024,BF1545,Garment,Male,27,Blouse,Pittsburgh,10,1,10,5
147146,4/21/2024,BF1545,Garment,Male,18,Sweater,Memphis,10,2,20,2
164980,7/20/2024,BF1544,Footwear,Female,30,Boots,San Francisco,9,1,9,3
191653,4/6/2024,BF1552,Garment,Female,25,Socks,Toronto,45,3,210,5
125882,1/18/2024,BF1548,Accessories,Male,25,Belt,New York,65,1,65,4
161169,2/5/2024,BF1551,Footwear,Female,24,Sneakers,New Jersey,15,1,15,3
198279,3/4/2024,BF1551,Garment,Female,26,Jeans,Manchester,15,1,55,4
151422,11/28/2023,BF1548,Garment,Male,34,Skirt,Portland,65,1,65,4
183121,2/28/2024,BF1545,Footwear,Female,29,Shoes,New York,10,1,10,3
185299,10/27/2024,BF1551,Garment,Male,24,Dress,Austin,15,4,60,4
178218,4/25/2024,BF1546,Accessories,Male,25,Handbag,Montreal,118,1,143,4
167287,5/3/2024,BF1549,Accessories,Female,23,Backpack,Manchester,130,4,680,5
167066,9/1/2024,BF1548,Accessories,Male,24,Jewelry,Memphis,65,1,65,3
159049,4/14/2024,BF1550,Accessories,Male,18,Hat,Las Vegas,97,1,97,4
124310,5/3/2024,BF1548,Accessories,Male,34,Jewelry,San Antonio,65,1,65,1
128957,5/27/2024,BF1550,Garment,Male,26,Shirt,Pittsburgh,97,2,194,5
172169,7/28/2024,BF1543,Footwear,Male,19,Boots,San Antonio,100,1,100,4
141057,11/14/2023,BF1548,Garment,Male,35,Shirt,Las Vegas,65,1,65,4
151258,12/12/2023,BF1545,Accessories,Male,34,Sunglasses,Sacramento,10,4,40,4
191657,6/9/2024,BF1550,Garment,Male,26,Shorts,Austin,97,3,291,5
159742,6/29/2024,BF1545,Garment,Female,23,Sweater,New York,10,1,10,1
197073,8/6/2024,BF1550,Accessories,Male,32,Belt,Toronto,97,1,122,3
182229,4/20/2024,BF1548,Garment,Female,24,T-shirt,Miami,65,1,65,1
123187,2/11/2024,BF1543,Garment,Female,25,Shorts,Pittsburgh,100,1,100,5
142137,9/10/2024,BF1543,Footwear,Male,21,Sandals,Sydney,100,1,200,5
169902,10/30/2024,BF1550,Garment,Male,33,Shirt,Liverpool,97,1,137,1
161859,5/28/2024,BF1543,Garment,Male,30,Socks,Sydney,100,1,200,4
122433,12/22/2023,BF1544,Garment,Male,20,Pants,New York,9,2,18,1
168377,3/8/2024,BF1547,Garment,Male,18,Skirt,Detroit,32,1,32,4
175701,2/14/2024,BF1552,Accessories,Male,33,Jewelry,Cleveland,45,1,45,2
175657,10/3/2024,BF1544,Garment,Male,20,T-shirt,San Francisco,9,1,9,4
194753,3/10/2024,BF1550,Accessories,Male,23,Jewelry,Memphis,97,1,97,3
198384,5/13/2024,BF1548,Accessories,Male,28,Hat,San Francisco,65,2,130,5
184403,10/1/2024,BF1554,Garment,Female,19,Blouse,New Delhi,20,1,90,2
164390,2/24/2024,BF1548,Footwear,Female,26,Sandals,Manchester,65,1,105,4
127435,6/30/2024,BF1545,Accessories,Male,20,Handbag,Sacramento,10,2,20,4
123842,6/29/2024,BF1545,Accessories,Female,22,Hat,Liverpool,10,1,50,3
190789,4/2/2024,BF1547,Accessories,Female,31,Scarf,Las Vegas,32,2,64,5
152609,6/2/2024,BF1554,Garment,Male,20,Shorts,Miami,20,1,20,2
174473,6/4/2024,BF1550,Accessories,Female,18,Backpack,Detroit,97,2,194,5
183595,7/9/2024,BF1551,Garment,Male,34,Sweater,Sacramento,15,1,15,3
154480,3/22/2024,BF1551,Garment,Male,34,Skirt,Liverpool,15,1,55,5
177698,10/15/2024,BF1548,Footwear,Male,19,Sneakers,Las Vegas,65,1,65,3
124384,6/28/2024,BF1550,Accessories,Male,23,Sunglasses,Liverpool,97,1,137,5
182593,4/1/2024,BF1554,Garment,Male,22,Dress,Portland,20,1,20,4
148797,7/24/2024,BF1548,Garment,Female,19,Blouse,San Antonio,65,1,65,3
135268,10/1/2024,BF1546,Footwear,Male,29,Shoes,Dublin,118,2,316,5
120246,9/29/2024,BF1546,Garment,Male,34,Sweater,San Antonio,118,1,118,5
141986,6/6/2024,BF1547,Accessories,Male,31,Gloves,Pittsburgh,32,1,32,3
193437,8/17/2024,BF1550,Garment,Male,19,Socks,Las Vegas,97,1,97,4
124557,12/12/2023,BF1544,Outerwear,Female,29,Coat,Pittsburgh,9,1,9,2
175788,7/10/2024,BF1543,Accessories,Male,23,Sunglasses,Portland,100,1,100,3
169294,7/16/2024,BF1554,Footwear,Male,34,Boots,New York,20,1,20,1
164876,6/23/2024,BF1550,Garment,Male,18,Dress,Las Vegas,97,1,97,5
134519,1/5/2024,BF1550,Outerwear,Male,19,Jacket,London,97,1,137,4
180222,3/3/2024,BF1544,Accessories,Male,30,Gloves,Memphis,9,1,9,5
138759,7/19/2024,BF1545,Accessories,Male,24,Scarf,Montreal,10,4,140,2
121945,5/2/2024,BF1550,Garment,Male,22,Hoodie,San Francisco,97,1,97,4
124512,9/15/2024,BF1548,Outerwear,Male,33,Coat,Liverpool,65,1,105,4
190617,11/12/2023,BF1551,Accessories,Male,19,Scarf,San Antonio,15,5,75,5
155504,3/27/2024,BF1551,Outerwear,Male,22,Coat,Memphis,15,3,45,5
171828,5/28/2024,BF1543,Accessories,Female,21,Scarf,London,100,1,140,2
144759,4/4/2024,BF1555,Accessories,Male,25,Handbag,Montreal,23,3,144,4
168095,10/17/2024,BF1547,Footwear,Female,20,Boots,Detroit,32,1,32,5
182269,10/14/2024,BF1548,Garment,Male,34,Pants,New Jersey,65,2,130,3
138141,8/30/2024,BF1544,Garment,Male,27,T-shirt,Portland,9,1,9,5
158484,9/16/2024,BF1550,Accessories,Male,32,Scarf,Detroit,97,1,97,5
176219,10/5/2024,BF1551,Outerwear,Male,34,Coat,Austin,15,1,15,5
124656,2/18/2024,BF1551,Garment,Female,21,Sweater,Sacramento,15,1,15,4
182205,12/26/2023,BF1546,Accessories,Male,21,Belt,Portland,118,1,118,5
121266,3/22/2024,BF1548,Accessories,Female,20,Belt,Cardiff,65,1,105,5
130394,4/4/2024,BF1546,Garment,Male,30,Sweater,New Delhi,118,4,752,1
175748,11/12/2023,BF1548,Garment,Female,18,Blouse,San Francisco,65,4,260,4
184379,10/17/2024,BF1544,Garment,Male,27,Skirt,Sacramento,9,1,9,4
197695,5/7/2024,BF1554,Accessories,Male,31,Jewelry,Pittsburgh,20,2,40,2
180022,7/5/2024,BF1552,Accessories,Male,33,Gloves,San Antonio,45,5,225,2
184495,5/25/2024,BF1551,Garment,Male,25,T-shirt,Detroit,15,1,15,4
199030,11/19/2023,BF1544,Accessories,Female,23,Gloves,London,9,4,196,5
156304,1/23/2024,BF1551,Accessories,Male,30,Sunglasses,Austin,15,2,30,5
188636,6/28/2024,BF1548,Garment,Female,21,Shirt,New York,65,1,65,1
198356,5/16/2024,BF1543,Accessories,Male,33,Handbag,Cardiff,100,2,280,3
149370,7/12/2024,BF1551,Outerwear,Male,35,Jacket,New Delhi,15,1,85,3
166302,9/29/2024,BF1551,Garment,Female,28,Skirt,Austin,15,1,15,5
148316,10/2/2024,BF1546,Accessories,Male,29,Handbag,Pittsburgh,118,1,118,1
151323,10/5/2024,BF1555,Garment,Female,26,Blouse,Liverpool,23,1,63,5
159281,5/26/2024,BF1548,Garment,Male,28,T-shirt,Manchester,65,1,105,1
181223,8/29/2024,BF1554,Garment,Female,28,Pants,New Jersey,20,1,20,4
195059,4/28/2024,BF1543,Garment,Male,31,Hoodie,Montreal,100,4,500,2
123655,6/19/2024,BF1546,Footwear,Male,35,Boots,Dublin,118,1,158,4
162698,10/12/2024,BF1548,Garment,Male,28,Blouse,San Francisco,65,2,130,5
153828,1/12/2024,BF1555,Outerwear,Female,22,Coat,Portland,23,4,92,5
177066,10/31/2024,BF1548,Garment,Male,29,Pants,San Antonio,65,1,65,5
155492,7/25/2024,BF1544,Accessories,Male,35,Sunglasses,Pittsburgh,9,1,9,3
156917,6/19/2024,BF1550,Garment,Female,35,Jeans,San Francisco,97,1,97,5
129069,4/20/2024,BF1544,Garment,Male,29,Pants,San Antonio,9,2,18,4
177907,2/4/2024,BF1551,Garment,Male,30,Dress,San Antonio,15,2,30,1
183486,9/16/2024,BF1550,Footwear,Male,18,Shoes,Memphis,97,1,97,2
188851,10/23/2024,BF1550,Footwear,Female,32,Sneakers,New Jersey,97,1,97,3
133559,7/28/2024,BF1551,Garment,Female,18,Socks,Cleveland,15,2,30,5
134283,6/17/2024,BF1548,Outerwear,Male,35,Coat,San Antonio,65,1,65,2
155966,2/21/2024,BF1548,Garment,Male,18,Shirt,San Antonio,65,1,65,5
132611,12/10/2023,BF1554,Garment,Male,30,Blouse,Sacramento,20,1,20,3
196302,9/11/2024,BF1548,Accessories,Female,20,Gloves,Cleveland,65,1,65,4
144620,10/5/2024,BF1544,Garment,Male,27,Skirt,Las Vegas,9,4,36,4
142850,10/2/2024,BF1548,Accessories,Male,23,Handbag,Pittsburgh,65,4,260,5
138781,12/26/2023,BF1543,Garment,Male,26,Shirt,San Antonio,100,1,100,4
162966,3/13/2024,BF1551,Outerwear,Male,19,Coat,New York,15,1,15,4
185812,1/26/2024,BF1546,Footwear,Male,32,Shoes,Miami,118,1,118,4
131259,4/14/2024,BF1550,Accessories,Male,21,Handbag,Pittsburgh,97,1,97,3
176082,1/25/2024,BF1550,Outerwear,Female,31,Jacket,Liverpool,97,3,411,4
199993,12/26/2023,BF1549,Garment,Male,28,Shirt,Memphis,130,1,130,1
169164,1/31/2024,BF1551,Accessories,Female,22,Hat,San Francisco,15,5,75,5
198828,2/29/2024,BF1548,Accessories,Female,28,Sunglasses,San Francisco,65,1,65,5
177930,5/3/2024,BF1548,Garment,Male,26,Shirt,New York,65,2,130,1
152097,2/22/2024,BF1548,Accessories,Male,24,Belt,Manchester,65,1,105,4
144476,12/23/2023,BF1549,Garment,Female,27,Sweater,Manchester,130,1,170,2
121009,4/29/2024,BF1548,Garment,Male,24,Hoodie,Glasgow,65,2,210,4
168586,7/18/2024,BF1548,Accessories,Male,25,Handbag,Sacramento,65,3,195,2
188751,11/25/2023,BF1543,Garment,Male,34,Jeans,Toronto,100,1,125,2
162159,7/1/2024,BF1543,Accessories,Male,24,Backpack,San Antonio,100,1,100,5
160331,8/27/2024,BF1554,Footwear,Male,27,Sneakers,Liverpool,20,5,300,5
141695,4/11/2024,BF1553,Accessories,Male,19,Jewelry,Detroit,50,1,50,1
137557,10/8/2024,BF1543,Accessories,Female,26,Sunglasses,New Jersey,100,1,100,4
172689,6/19/2024,BF1548,Garment,Female,32,Shorts,Paris,65,1,115,5
148726,10/13/2024,BF1548,Footwear,Male,27,Boots,San Antonio,65,2,130,5
143848,7/22/2024,BF1550,Garment,Female,33,Skirt,San Antonio,97,2,194,2
149344,2/20/2024,BF1544,Garment,Male,26,Pants,Manchester,9,1,49,5
158709,7/12/2024,BF1548,Garment,Male,25,T-shirt,Memphis,65,1,65,4
174515,5/4/2024,BF1549,Garment,Female,31,T-shirt,Miami,130,1,130,3
149587,4/25/2024,BF1552,Outerwear,Female,30,Jacket,Miami,45,1,45,3
191621,8/12/2024,BF1546,Garment,Male,34,Jeans,San Francisco,118,2,236,2
152794,7/2/2024,BF1545,Garment,Male,21,Dress,Manchester,10,2,100,1
179716,12/17/2023,BF1545,Garment,Male,32,Blouse,Miami,10,2,20,4
153580,12/26/2023,BF1548,Garment,Male,22,Hoodie,Detroit,65,4,260,3
130812,11/17/2023,BF1554,Garment,Female,25,T-shirt,New York,20,1,20,5
138366,11/25/2023,BF1546,Garment,Male,21,Sweater,Pittsburgh,118,1,118,1
196645,2/2/2024,BF1543,Garment,Male,27,Shorts,Manchester,100,1,140,5
195403,10/22/2024,BF1548,Accessories,Male,22,Jewelry,New Jersey,65,5,325,4
198809,6/23/2024,BF1544,Garment,Male,33,T-shirt,Cleveland,9,4,36,4
140521,12/25/2023,BF1545,Accessories,Male,34,Scarf,Paris,10,1,60,1
145111,9/22/2024,BF1549,Footwear,Male,18,Shoes,San Francisco,130,1,130,3
160689,8/21/2024,BF1551,Accessories,Female,23,Sunglasses,Liverpool,15,1,55,4
128362,9/11/2024,BF1546,Outerwear,Male,25,Coat,New Delhi,118,2,376,4
151285,9/4/2024,BF1546,Garment,Female,35,Blouse,San Francisco,118,1,118,1
187660,3/4/2024,BF1551,Garment,Male,29,Jeans,Sydney,15,1,115,4
129411,2/18/2024,BF1548,Garment,Female,33,Shorts,New Jersey,65,4,260,2
154142,1/19/2024,BF1548,Garment,Male,28,Shirt,New Jersey,65,1,65,3
125715,1/1/2024,BF1547,Accessories,Male,19,Backpack,Detroit,32,1,32,5
150175,7/7/2024,BF1550,Accessories,Male,31,Belt,Memphis,97,1,97,1
190279,1/3/2024,BF1548,Garment,Female,27,Blouse,Las Vegas,65,3,195,5
125446,7/5/2024,BF1551,Garment,Female,32,Jeans,Dublin,15,1,55,3
171264,8/24/2024,BF1551,Garment,Male,24,Dress,Las Vegas,15,1,15,5
177955,12/16/2023,BF1550,Garment,Male,28,Shorts,Las Vegas,97,1,97,4
125020,10/16/2024,BF1554,Accessories,Male,23,Jewelry,Detroit,20,1,20,4
151198,3/24/2024,BF1547,Accessories,Male,21,Handbag,Portland,32,1,32,4
155487,3/29/2024,BF1550,Accessories,Male,33,Jewelry,Las Vegas,97,3,291,1
159327,9/22/2024,BF1543,Garment,Male,18,Pants,Sacramento,100,1,100,4
169318,5/29/2024,BF1548,Garment,Male,33,Pants,New York,65,2,130,4
169683,6/12/2024,BF1544,Footwear,Male,19,Sandals,Toronto,9,1,34,1
131579,8/6/2024,BF1552,Garment,Male,18,Skirt,Sydney,45,2,290,4
142818,11/21/2023,BF1551,Accessories,Female,29,Sunglasses,London,15,3,165,4
158633,12/31/2023,BF1545,Garment,Male,26,Skirt,London,10,1,50,5
170958,5/6/2024,BF1546,Accessories,Male,31,Handbag,New Delhi,118,1,188,5
124701,7/20/2024,BF1551,Outerwear,Male,27,Coat,San Francisco,15,1,15,1
177947,1/9/2024,BF1547,Garment,Female,20,Skirt,Toronto,32,1,57,3
197437,4/20/2024,BF1551,Garment,Male,25,Hoodie,Memphis,15,1,15,4
194083,8/8/2024,BF1543,Accessories,Male,22,Sunglasses,Paris,100,1,150,1
159011,3/24/2024,BF1554,Garment,Male,35,Sweater,Sacramento,20,1,20,5
146974,12/5/2023,BF1548,Footwear,Male,26,Boots,Cardiff,65,1,105,1
198146,1/12/2024,BF1550,Garment,Female,34,Skirt,Austin,97,2,194,2
170783,6/27/2024,BF1550,Garment,Male,29,Dress,Liverpool,97,1,137,5
152272,1/26/2024,BF1545,Accessories,Male,31,Belt,Montreal,10,4,140,2
122475,7/29/2024,BF1549,Accessories,Female,20,Jewelry,New Delhi,130,1,200,5
120467,5/18/2024,BF1548,Garment,Female,20,Dress,Pittsburgh,65,2,130,2
173861,4/15/2024,BF1545,Accessories,Male,33,Hat,Memphis,10,2,20,5
194035,6/27/2024,BF1548,Garment,Male,21,Sweater,Sydney,65,1,165,4
187286,2/17/2024,BF1545,Garment,Female,23,Skirt,Portland,10,1,10,3
150593,2/23/2024,BF1543,Garment,Male,33,Hoodie,New Delhi,100,1,170,4
122285,3/10/2024,BF1548,Footwear,Male,24,Sandals,Las Vegas,65,1,65,5
148440,8/9/2024,BF1551,Accessories,Male,22,Jewelry,Cleveland,15,1,15,2
128922,7/7/2024,BF1544,Garment,Female,33,Dress,Las Vegas,9,1,9,2
182487,6/29/2024,BF1552,Garment,Male,30,Hoodie,Las Vegas,45,1,45,2
150372,11/25/2023,BF1543,Garment,Male,28,Sweater,Cleveland,100,3,300,4
148147,1/2/2024,BF1551,Accessories,Male,31,Jewelry,Memphis,15,1,15,4
142966,9/3/2024,BF1545,Footwear,Male,25,Sandals,London,10,1,50,2
160576,5/2/2024,BF1548,Garment,Female,27,Socks,Pittsburgh,65,1,65,1
186672,1/23/2024,BF1548,Accessories,Male,25,Backpack,New York,65,1,65,5
162587,7/2/2024,BF1554,Garment,Male,25,Shirt,Austin,20,5,100,5
121223,11/2/2024,BF1551,Footwear,Male,28,Shoes,Mumbai,15,1,85,3
146788,3/31/2024,BF1543,Outerwear,Male,28,Coat,San Francisco,100,1,100,5
155128,2/8/2024,BF1545,Garment,Male,22,Sweater,Las Vegas,10,1,10,4
185678,9/23/2024,BF1544,Outerwear,Male,19,Jacket,Portland,9,1,9,5
166406,5/8/2024,BF1551,Outerwear,Male,31,Jacket,Manchester,15,1,55,4
149440,7/24/2024,BF1550,Footwear,Male,34,Sneakers,Manchester,97,1,137,1
162095,9/13/2024,BF1549,Accessories,Female,23,Belt,Pittsburgh,130,1,130,5
181378,1/28/2024,BF1547,Accessories,Male,21,Scarf,Dublin,32,1,72,5
184545,8/11/2024,BF1544,Accessories,Female,20,Jewelry,Sacramento,9,4,36,2
149236,4/1/2024,BF1553,Garment,Male,23,T-shirt,San Francisco,50,4,200,3
160723,7/12/2024,BF1543,Garment,Female,25,Pants,Cleveland,100,5,500,2
161515,6/22/2024,BF1548,Accessories,Male,25,Handbag,Paris,65,2,230,4
198075,10/2/2024,BF1544,Accessories,Female,21,Backpack,Las Vegas,9,1,9,4
178482,8/7/2024,BF1548,Accessories,Female,19,Gloves,Pittsburgh,65,3,195,1
165601,11/11/2023,BF1550,Outerwear,Male,19,Jacket,Toronto,97,1,122,2
121448,12/11/2023,BF1551,Garment,Female,27,Sweater,Cardiff,15,3,165,3
188333,3/16/2024,BF1551,Garment,Male,23,Blouse,Cleveland,15,3,45,1
180490,12/23/2023,BF1555,Garment,Male,33,Blouse,San Antonio,23,1,23,3
142921,7/23/2024,BF1550,Accessories,Female,20,Gloves,Pittsburgh,97,1,97,2
134218,9/20/2024,BF1543,Garment,Male,24,Jeans,Paris,100,1,150,3
123488,6/30/2024,BF1548,Footwear,Male,28,Sneakers,San Antonio,65,1,65,4
196483,6/19/2024,BF1553,Accessories,Female,30,Hat,New York,50,3,150,4
155498,4/6/2024,BF1547,Accessories,Male,29,Backpack,San Francisco,32,1,32,2
165062,8/27/2024,BF1544,Garment,Male,32,Jeans,Miami,9,3,27,5
134257,4/5/2024,BF1550,Garment,Male,35,Skirt,Cleveland,97,5,485,5
187832,8/6/2024,BF1554,Accessories,Female,35,Belt,Austin,20,2,40,4
173729,5/21/2024,BF1543,Garment,Male,29,Dress,Pittsburgh,100,1,100,4
130439,1/2/2024,BF1545,Garment,Male,28,Hoodie,Miami,10,1,10,5
176610,2/2/2024,BF1544,Outerwear,Female,30,Coat,Las Vegas,9,5,45,1
176345,10/9/2024,BF1553,Garment,Male,18,Sweater,Detroit,50,1,50,5
148734,4/16/2024,BF1548,Garment,Female,29,Shorts,Cardiff,65,3,315,3
136962,10/29/2024,BF1548,Footwear,Male,18,Sneakers,Pittsburgh,65,2,130,1
155042,12/8/2023,BF1547,Garment,Male,21,Sweater,Miami,32,2,64,1
155369,3/16/2024,BF1548,Garment,Male,24,T-shirt,Detroit,65,1,65,4
148645,6/27/2024,BF1554,Accessories,Female,34,Handbag,Liverpool,20,2,120,4
139754,5/21/2024,BF1550,Footwear,Male,33,Sneakers,New York,97,2,194,4
125045,1/30/2024,BF1544,Outerwear,Male,25,Jacket,Cleveland,9,1,9,2
148996,5/18/2024,BF1550,Accessories,Female,35,Backpack,New Delhi,97,1,167,5
146516,12/15/2023,BF1549,Garment,Female,24,Jeans,Detroit,130,1,130,5
155692,3/28/2024,BF1554,Accessories,Male,29,Belt,San Francisco,20,1,20,1
124642,1/26/2024,BF1551,Footwear,Male,35,Boots,Austin,15,1,15,2
164160,1/31/2024,BF1544,Garment,Male,27,Shorts,Las Vegas,9,1,9,4
131242,12/18/2023,BF1545,Garment,Male,27,Jeans,Austin,10,4,40,1
128051,9/26/2024,BF1555,Footwear,Male,19,Shoes,New Jersey,23,5,115,1
125040,10/12/2024,BF1543,Accessories,Male,20,Hat,Pittsburgh,100,1,100,4
155141,8/21/2024,BF1543,Garment,Male,28,T-shirt,New York,100,1,100,5
137266,7/28/2024,BF1545,Accessories,Female,28,Sunglasses,Pittsburgh,10,4,40,4
181271,10/30/2024,BF1548,Garment,Male,22,Socks,Miami,65,1,65,5
158628,5/31/2024,BF1548,Garment,Male,24,Shirt,Cardiff,65,1,105,1
167244,11/23/2023,BF1551,Garment,Female,18,Shorts,Paris,15,1,65,4
192796,5/12/2024,BF1548,Garment,Female,19,Shirt,New Delhi,65,1,135,2
157705,4/4/2024,BF1550,Garment,Male,22,Socks,Liverpool,97,1,137,5
198416,5/27/2024,BF1545,Garment,Male,28,Pants,Austin,10,3,30,1
175092,1/24/2024,BF1551,Footwear,Male,30,Boots,Las Vegas,15,4,60,3
125534,3/12/2024,BF1553,Garment,Male,24,T-shirt,San Antonio,50,2,100,4
127517,1/6/2024,BF1551,Garment,Female,33,T-shirt,New Jersey,15,1,15,5
162044,1/10/2024,BF1549,Outerwear,Male,30,Coat,Dublin,130,1,170,1
187558,1/16/2024,BF1548,Accessories,Male,31,Hat,New York,65,1,65,4
136673,1/31/2024,BF1551,Accessories,Male,31,Sunglasses,Memphis,15,1,15,4
178732,2/20/2024,BF1545,Garment,Male,24,Blouse,New Jersey,10,1,10,2
126462,3/3/2024,BF1548,Accessories,Male,21,Jewelry,Austin,65,1,65,4
171199,4/25/2024,BF1544,Accessories,Male,28,Jewelry,Paris,9,1,59,2
170180,5/13/2024,BF1550,Garment,Male,35,Skirt,Austin,97,4,388,5
196774,3/25/2024,BF1544,Accessories,Male,26,Scarf,New York,9,1,9,4
127908,6/26/2024,BF1545,Garment,Male,27,Pants,Detroit,10,4,40,4
120654,8/23/2024,BF1548,Accessories,Male,31,Hat,Glasgow,65,1,105,1
172192,5/31/2024,BF1543,Accessories,Female,24,Gloves,Sydney,100,2,400,4
167495,2/27/2024,BF1550,Garment,Female,34,Shirt,Las Vegas,97,1,97,5
139118,10/2/2024,BF1543,Footwear,Male,29,Sandals,New Delhi,100,1,170,5
137579,7/10/2024,BF1554,Garment,Male,28,Socks,Portland,20,1,20,1
177663,4/29/2024,BF1551,Accessories,Female,21,Handbag,London,15,4,220,1
190206,4/6/2024,BF1554,Outerwear,Male,21,Jacket,Manchester,20,1,60,4
152395,4/29/2024,BF1548,Garment,Male,21,Shorts,Toronto,65,3,270,3
122826,8/2/2024,BF1544,Footwear,Male,31,Sandals,Memphis,9,2,18,1
169656,12/7/2023,BF1550,Accessories,Female,30,Scarf,Miami,97,1,97,1
165554,6/14/2024,BF1548,Footwear,Male,24,Sandals,Austin,65,2,130,5
185133,9/8/2024,BF1547,Garment,Male,23,Jeans,New York,32,1,32,2
143557,5/15/2024,BF1548,Garment,Female,29,Skirt,Portland,65,1,65,5
125398,1/5/2024,BF1551,Accessories,Male,31,Gloves,London,15,1,55,4
148536,5/27/2024,BF1548,Garment,Female,33,Skirt,Paris,65,3,345,4
160149,3/28/2024,BF1550,Garment,Female,18,Sweater,Las Vegas,97,5,485,1
157568,10/13/2024,BF1548,Garment,Male,32,Blouse,New Jersey,65,1,65,4
164328,6/5/2024,BF1543,Garment,Male,30,Sweater,London,100,4,560,4
182873,10/29/2024,BF1546,Garment,Male,29,Shirt,Portland,118,1,118,5
147886,9/7/2024,BF1550,Accessories,Male,34,Jewelry,Austin,97,1,97,4
158357,2/20/2024,BF1543,Garment,Male,35,T-shirt,Pittsburgh,100,1,100,4
138225,5/12/2024,BF1546,Accessories,Male,29,Scarf,Manchester,118,1,158,1
142134,9/24/2024,BF1548,Accessories,Male,22,Belt,Sacramento,65,3,195,5
162115,5/25/2024,BF1551,Garment,Female,22,T-shirt,Cleveland,15,4,60,3
195573,3/12/2024,BF1543,Footwear,Female,28,Sneakers,Detroit,100,1,100,1
160260,5/25/2024,BF1554,Accessories,Female,26,Gloves,Cardiff,20,2,120,4
153481,1/23/2024,BF1549,Footwear,Male,18,Sandals,Paris,130,3,540,4
135033,1/30/2024,BF1544,Accessories,Male,23,Backpack,Portland,9,1,9,5
161364,9/29/2024,BF1543,Garment,Female,20,Pants,Detroit,100,1,100,5
173470,10/6/2024,BF1550,Garment,Male,18,T-shirt,Detroit,97,2,194,5
176965,2/28/2024,BF1553,Garment,Female,25,Skirt,San Francisco,50,2,100,2
151636,10/18/2024,BF1550,Accessories,Male,24,Gloves,San Francisco,97,1,97,3
138408,4/5/2024,BF1548,Garment,Male,22,Blouse,Memphis,65,1,65,4
128661,2/23/2024,BF1545,Garment,Female,34,Blouse,Sacramento,10,4,40,4
130811,7/27/2024,BF1552,Garment,Male,33,Jeans,New Jersey,45,2,90,5
192668,1/1/2024,BF1548,Garment,Male,25,T-shirt,Pittsburgh,65,1,65,4
125627,5/8/2024,BF1550,Garment,Female,23,Sweater,Las Vegas,97,2,194,4
136438,1/24/2024,BF1543,Garment,Male,30,Pants,Austin,100,1,100,3
171581,3/5/2024,BF1551,Footwear,Female,30,Boots,Detroit,15,5,75,4
180431,2/23/2024,BF1550,Garment,Female,34,Skirt,Portland,97,1,97,5
130549,5/26/2024,BF1550,Accessories,Male,21,Gloves,Manchester,97,2,274,4
132376,8/24/2024,BF1548,Garment,Male,25,Socks,Cleveland,65,1,65,4
141130,6/7/2024,BF1546,Garment,Male,20,T-shirt,Dublin,118,2,316,5
126358,10/3/2024,BF1551,Garment,Female,33,Blouse,Dublin,15,1,55,5
163330,2/23/2024,BF1543,Garment,Male,20,Blouse,Mumbai,100,5,850,3
184053,2/26/2024,BF1543,Accessories,Male,34,Scarf,Glasgow,100,1,140,2
186442,11/5/2023,BF1547,Accessories,Female,20,Backpack,Portland,32,4,128,2
181840,5/18/2024,BF1545,Garment,Male,32,Shorts,Portland,10,2,20,5
183723,7/16/2024,BF1552,Accessories,Male,26,Jewelry,Pittsburgh,45,1,45,4
132047,6/26/2024,BF1548,Accessories,Female,24,Gloves,Memphis,65,1,65,4
165727,4/30/2024,BF1549,Garment,Female,34,Hoodie,Portland,130,1,130,5
187225,2/6/2024,BF1548,Garment,Female,21,Hoodie,Las Vegas,65,1,65,4
133956,12/25/2023,BF1554,Garment,Male,19,Skirt,Miami,20,1,20,5
198885,3/25/2024,BF1544,Accessories,Male,31,Sunglasses,Sacramento,9,2,18,3
187251,5/10/2024,BF1544,Accessories,Male,29,Jewelry,New Jersey,9,1,9,5
166795,1/5/2024,BF1551,Outerwear,Male,29,Jacket,Paris,15,5,325,5
172815,1/1/2024,BF1551,Garment,Male,33,Dress,Detroit,15,3,45,5
183625,6/8/2024,BF1543,Garment,Male,34,Hoodie,Sydney,100,2,400,4
134324,2/28/2024,BF1549,Garment,Male,24,Jeans,San Antonio,130,1,130,4
184711,3/24/2024,BF1548,Footwear,Male,19,Sandals,New York,65,1,65,5
143670,4/29/2024,BF1543,Accessories,Male,31,Sunglasses,Austin,100,1,100,1
179709,7/13/2024,BF1550,Garment,Male,31,Pants,San Francisco,97,1,97,5
192309,4/1/2024,BF1545,Garment,Male,26,Shorts,Portland,10,1,10,3
126922,3/23/2024,BF1545,Accessories,Male,26,Jewelry,Paris,10,1,60,5
175100,10/9/2024,BF1545,Garment,Male,24,Socks,Glasgow,10,4,200,3
173970,5/5/2024,BF1548,Footwear,Male,19,Sandals,Memphis,65,1,65,5
170949,2/8/2024,BF1554,Garment,Male,32,Pants,Sacramento,20,4,80,4
143339,2/2/2024,BF1549,Garment,Male,27,T-shirt,New York,130,1,130,4
181134,1/13/2024,BF1551,Footwear,Male,22,Boots,Detroit,15,1,15,4
189126,2/4/2024,BF1551,Accessories,Male,32,Backpack,Manchester,15,1,55,5
189873,6/14/2024,BF1544,Garment,Male,34,Skirt,Austin,9,2,18,2
186375,9/6/2024,BF1547,Accessories,Female,26,Scarf,San Francisco,32,2,64,4
162696,10/22/2024,BF1544,Garment,Female,20,Sweater,Portland,9,1,9,5
154293,3/27/2024,BF1550,Footwear,Male,31,Sandals,Portland,97,2,194,1
165450,9/27/2024,BF1545,Accessories,Female,28,Jewelry,San Antonio,10,1,10,2
162401,2/23/2024,BF1553,Garment,Male,30,Sweater,Portland,50,1,50,1
146518,3/23/2024,BF1547,Garment,Male,25,Skirt,Sacramento,32,1,32,5
132181,7/24/2024,BF1552,Garment,Male,21,Shorts,San Francisco,45,1,45,1
165822,9/1/2024,BF1550,Accessories,Female,26,Backpack,Cardiff,97,1,137,3
139075,9/9/2024,BF1546,Garment,Male,19,Hoodie,Montreal,118,1,143,5
121309,7/18/2024,BF1554,Garment,Male,20,Skirt,Manchester,20,5,300,5
155051,10/3/2024,BF1547,Garment,Male,27,Skirt,Toronto,32,1,57,3
127864,3/13/2024,BF1554,Accessories,Female,33,Backpack,Montreal,20,1,45,3
160644,6/22/2024,BF1551,Garment,Male,34,Blouse,Memphis,15,2,30,3
173521,6/29/2024,BF1543,Garment,Male,34,Shirt,Mumbai,100,4,680,2
188625,6/26/2024,BF1548,Accessories,Male,33,Gloves,Montreal,65,1,90,3
132954,2/15/2024,BF1543,Footwear,Male,31,Sandals,Sydney,100,1,200,1
196670,4/6/2024,BF1543,Outerwear,Female,30,Jacket,Glasgow,100,1,140,4
185545,2/29/2024,BF1544,Footwear,Male,34,Sneakers,London,9,1,49,3
153387,10/14/2024,BF1550,Accessories,Male,26,Backpack,Liverpool,97,1,137,5
150687,11/18/2023,BF1551,Garment,Male,31,Pants,Liverpool,15,1,55,4
154304,4/10/2024,BF1548,Accessories,Male,20,Sunglasses,Mumbai,65,1,135,5
165260,5/17/2024,BF1554,Garment,Female,30,Jeans,Pittsburgh,20,1,20,5
126215,7/7/2024,BF1550,Garment,Female,21,Pants,Toronto,97,2,244,4
137331,4/19/2024,BF1543,Accessories,Female,33,Jewelry,New York,100,1,100,4
128388,9/22/2024,BF1551,Garment,Male,22,Hoodie,Las Vegas,15,1,15,2
182342,11/30/2023,BF1550,Footwear,Male,19,Sandals,Memphis,97,1,97,5
158410,8/27/2024,BF1551,Outerwear,Male,26,Jacket,Cardiff,15,2,110,3
156527,11/23/2023,BF1552,Garment,Male,26,Blouse,New Jersey,45,3,135,2
159284,7/5/2024,BF1548,Accessories,Male,20,Jewelry,London,65,1,105,3
149527,3/3/2024,BF1548,Garment,Male,29,Socks,Pittsburgh,65,3,195,5
186874,7/28/2024,BF1544,Garment,Female,23,Jeans,Manchester,9,2,98,4
139556,8/1/2024,BF1546,Accessories,Male,25,Gloves,Pittsburgh,118,3,354,3
179429,8/26/2024,BF1550,Accessories,Male,20,Hat,Liverpool,97,2,274,4
195865,5/3/2024,BF1544,Footwear,Male,24,Shoes,Paris,9,2,118,5
165905,6/5/2024,BF1549,Garment,Male,23,Pants,San Francisco,130,3,390,2
172941,10/27/2024,BF1550,Garment,Male,32,Socks,Liverpool,97,1,137,1
170857,12/24/2023,BF1543,Garment,Female,28,Hoodie,Pittsburgh,100,1,100,2
172586,12/14/2023,BF1544,Garment,Male,31,Hoodie,New Jersey,9,1,9,2
178416,3/5/2024,BF1548,Garment,Female,20,Pants,Memphis,65,1,65,4
180132,3/24/2024,BF1547,Garment,Male,29,Shirt,New Jersey,32,3,96,4
159478,8/18/2024,BF1548,Garment,Male,22,T-shirt,San Francisco,65,1,65,4
123374,9/30/2024,BF1544,Garment,Male,25,Dress,San Francisco,9,2,18,3
173851,5/31/2024,BF1551,Accessories,Male,34,Backpack,New York,15,2,30,2
193388,1/9/2024,BF1548,Accessories,Female,28,Gloves,Austin,65,3,195,3
133426,1/24/2024,BF1545,Footwear,Male,22,Shoes,Portland,10,2,20,4
199143,6/27/2024,BF1552,Garment,Male,20,Skirt,San Antonio,45,1,45,5
149382,1/15/2024,BF1554,Accessories,Male,24,Gloves,Glasgow,20,1,60,5
161029,11/18/2023,BF1550,Garment,Male,31,Hoodie,San Francisco,97,1,97,2
165241,1/18/2024,BF1544,Garment,Male,23,Socks,San Francisco,9,3,27,4
150708,2/18/2024,BF1546,Accessories,Male,21,Gloves,Portland,118,1,118,2
132565,8/17/2024,BF1549,Garment,Male,22,Shorts,Miami,130,2,260,1
140394,3/30/2024,BF1548,Footwear,Male,23,Shoes,Mumbai,65,3,405,5
158982,9/14/2024,BF1545,Garment,Female,32,Jeans,Dublin,10,1,50,3
168943,11/29/2023,BF1544,Footwear,Male,21,Boots,San Francisco,9,3,27,5
131010,10/17/2024,BF1550,Accessories,Male,32,Hat,Memphis,97,1,97,5
159114,11/24/2023,BF1550,Garment,Male,29,Shorts,Cleveland,97,1,97,2
169527,9/7/2024,BF1546,Garment,Male,25,Pants,Manchester,118,1,158,1
183862,6/4/2024,BF1549,Garment,Female,27,Sweater,London,130,1,170,4
131057,10/23/2024,BF1550,Outerwear,Male,30,Jacket,Cleveland,97,3,291,3
133192,3/13/2024,BF1552,Garment,Male,19,Dress,Paris,45,1,95,4
197784,3/3/2024,BF1552,Garment,Male,33,Shirt,Liverpool,45,2,170,2
124753,9/13/2024,BF1543,Garment,Male,34,Dress,Portland,100,3,300,4
144157,7/27/2024,BF1554,Accessories,Male,26,Belt,San Antonio,20,1,20,5
135925,4/17/2024,BF1549,Accessories,Male,18,Hat,Miami,130,1,130,5
160552,7/13/2024,BF1548,Accessories,Female,21,Backpack,Pittsburgh,65,4,260,4
128098,5/15/2024,BF1548,Garment,Female,28,Skirt,Cleveland,65,1,65,4
120163,1/3/2024,BF1550,Accessories,Male,32,Gloves,Manchester,97,1,137,3
128727,8/27/2024,BF1546,Outerwear,Male,24,Jacket,Cardiff,118,1,158,5
185602,11/1/2024,BF1543,Accessories,Male,26,Handbag,New Delhi,100,1,170,4
159989,10/22/2024,BF1554,Footwear,Male,18,Sandals,Memphis,20,2,40,4
126250,11/18/2023,BF1551,Accessories,Female,32,Sunglasses,Cleveland,15,4,60,5
167846,3/2/2024,BF1543,Garment,Male,19,Jeans,San Antonio,100,1,100,3
186534,9/4/2024,BF1548,Footwear,Male,23,Sandals,Glasgow,65,1,105,5
165043,2/14/2024,BF1549,Footwear,Male,35,Shoes,San Francisco,130,1,130,4
199725,6/6/2024,BF1548,Accessories,Male,31,Sunglasses,Liverpool,65,1,105,1
151509,7/25/2024,BF1549,Accessories,Male,31,Scarf,Cleveland,130,1,130,4
159140,1/14/2024,BF1550,Garment,Male,30,Skirt,Las Vegas,97,1,97,3
158344,8/7/2024,BF1550,Accessories,Male,32,Gloves,New Jersey,97,1,97,5
179486,7/25/2024,BF1547,Outerwear,Female,21,Coat,San Francisco,32,3,96,5
196131,9/28/2024,BF1550,Accessories,Male,25,Belt,San Antonio,97,3,291,5
199412,2/7/2024,BF1551,Garment,Female,21,Pants,San Antonio,15,1,15,5
140035,5/9/2024,BF1548,Accessories,Male,20,Jewelry,Las Vegas,65,1,65,2
128359,4/30/2024,BF1546,Accessories,Male,21,Backpack,Liverpool,118,1,158,4
158647,2/29/2024,BF1550,Footwear,Male,18,Sneakers,Mumbai,97,1,167,1
178810,5/22/2024,BF1543,Garment,Male,26,Hoodie,Cleveland,100,1,100,1
186131,12/17/2023,BF1548,Garment,Male,31,Blouse,Detroit,65,1,65,3
186012,4/12/2024,BF1551,Accessories,Female,34,Sunglasses,Detroit,15,1,15,1
196977,6/6/2024,BF1544,Footwear,Male,19,Boots,Cleveland,9,2,18,5
122118,8/7/2024,BF1551,Footwear,Male,29,Sneakers,Cleveland,15,1,15,3
160143,9/21/2024,BF1548,Accessories,Female,29,Backpack,San Antonio,65,1,65,3
170396,11/29/2023,BF1548,Garment,Male,34,Pants,Austin,65,1,65,3
197337,9/7/2024,BF1546,Garment,Female,34,Socks,New Jersey,118,2,236,4
181837,2/22/2024,BF1551,Accessories,Male,22,Belt,Sacramento,15,1,15,3
150549,11/20/2023,BF1552,Accessories,Male,22,Sunglasses,Pittsburgh,45,2,90,1
198466,5/30/2024,BF1545,Garment,Male,25,Shirt,Dublin,10,4,200,5
171449,3/25/2024,BF1549,Footwear,Female,23,Sneakers,Las Vegas,130,2,260,4
173634,11/14/2023,BF1544,Footwear,Male,24,Shoes,New Jersey,9,1,9,3
193636,4/20/2024,BF1553,Footwear,Male,30,Sandals,Portland,50,1,50,3
168524,6/15/2024,BF1550,Accessories,Male,22,Scarf,Cleveland,97,1,97,5
172406,3/13/2024,BF1544,Garment,Male,25,Shirt,Sacramento,9,1,9,1
129603,5/11/2024,BF1543,Garment,Male,35,Skirt,Sydney,100,2,400,4
180439,2/12/2024,BF1548,Footwear,Male,28,Boots,Pittsburgh,65,5,325,1
129162,8/18/2024,BF1548,Garment,Female,23,Sweater,Pittsburgh,65,1,65,4
154797,12/10/2023,BF1546,Footwear,Female,32,Sandals,New Jersey,118,2,236,1
150009,4/11/2024,BF1548,Garment,Female,33,Jeans,Paris,65,2,230,4
124235,4/15/2024,BF1548,Accessories,Female,33,Backpack,Miami,65,2,130,1
155301,11/11/2023,BF1545,Garment,Female,20,Skirt,Paris,10,1,60,1
135885,1/12/2024,BF1551,Accessories,Male,29,Belt,Austin,15,1,15,2
155461,11/4/2024,BF1552,Footwear,Female,26,Shoes,New York,45,2,90,5
184145,5/23/2024,BF1548,Garment,Female,20,Socks,Las Vegas,65,1,65,2
178216,2/24/2024,BF1549,Accessories,Male,34,Backpack,Liverpool,130,1,170,1
131701,11/8/2023,BF1552,Garment,Female,18,Shirt,Detroit,45,1,45,1
126116,10/14/2024,BF1548,Garment,Female,31,Sweater,Sydney,65,1,165,5
191575,3/26/2024,BF1543,Accessories,Male,30,Handbag,Cleveland,100,1,100,2
168197,3/28/2024,BF1546,Accessories,Male,29,Jewelry,New Delhi,118,1,188,5
182940,6/18/2024,BF1548,Garment,Female,23,Socks,Cleveland,65,1,65,3
120297,3/14/2024,BF1552,Garment,Female,26,Socks,San Francisco,45,4,180,1
164618,11/11/2023,BF1551,Garment,Male,24,Shirt,Las Vegas,15,1,15,1
124205,7/19/2024,BF1544,Accessories,Male,29,Scarf,Miami,9,1,9,5
150761,4/21/2024,BF1552,Footwear,Male,31,Shoes,Miami,45,2,90,5
199803,6/28/2024,BF1545,Footwear,Male,18,Shoes,Paris,10,1,60,2
133556,9/25/2024,BF1546,Accessories,Male,27,Scarf,Cardiff,118,2,316,2
170705,12/1/2023,BF1554,Accessories,Female,29,Sunglasses,Austin,20,2,40,3
140091,9/9/2024,BF1554,Garment,Female,19,Socks,San Francisco,20,1,20,3
159303,7/12/2024,BF1548,Garment,Male,26,Blouse,Miami,65,1,65,2
125148,2/3/2024,BF1543,Garment,Male,31,Jeans,Las Vegas,100,3,300,4
196951,11/28/2023,BF1546,Garment,Male,27,Shorts,San Francisco,118,1,118,4
144840,9/15/2024,BF1543,Garment,Male,18,T-shirt,Portland,100,1,100,5
191920,1/5/2024,BF1548,Garment,Male,19,Blouse,New Jersey,65,1,65,1
170086,8/24/2024,BF1547,Accessories,Female,26,Belt,Austin,32,2,64,4
147442,10/3/2024,BF1544,Garment,Male,25,Blouse,Montreal,9,1,34,2
163296,2/11/2024,BF1546,Garment,Male,32,T-shirt,Las Vegas,118,1,118,4
149491,2/7/2024,BF1554,Accessories,Female,28,Jewelry,San Francisco,20,3,60,5
175624,3/12/2024,BF1550,Outerwear,Male,29,Jacket,Paris,97,1,147,1
125936,7/10/2024,BF1551,Footwear,Male,21,Shoes,Cardiff,15,5,275,4
131046,8/25/2024,BF1548,Accessories,Male,20,Gloves,New Jersey,65,1,65,5
174018,9/21/2024,BF1543,Garment,Female,30,Jeans,Sacramento,100,4,400,2
159071,2/3/2024,BF1548,Accessories,Male,26,Jewelry,New Jersey,65,1,65,1
130639,10/5/2024,BF1544,Garment,Male,26,Pants,Pittsburgh,9,1,9,1
146724,12/17/2023,BF1551,Accessories,Male,27,Jewelry,New York,15,4,60,5
193361,9/26/2024,BF1548,Footwear,Female,35,Sneakers,Cleveland,65,3,195,4
164134,5/25/2024,BF1548,Footwear,Male,30,Boots,San Antonio,65,1,65,4
154689,4/18/2024,BF1544,Accessories,Female,32,Hat,Detroit,9,1,9,1
173886,1/30/2024,BF1554,Garment,Female,20,T-shirt,Las Vegas,20,1,20,2
188714,5/28/2024,BF1548,Accessories,Male,26,Backpack,Cardiff,65,1,105,5
145723,5/15/2024,BF1549,Accessories,Male,24,Sunglasses,Portland,130,3,390,5
154397,2/24/2024,BF1543,Garment,Male,25,Sweater,Cleveland,100,1,100,4
137123,9/21/2024,BF1543,Accessories,Male,19,Handbag,Austin,100,1,100,5
170285,6/6/2024,BF1548,Accessories,Female,20,Backpack,Portland,65,1,65,3
182524,3/27/2024,BF1543,Garment,Male,25,Socks,Sacramento,100,1,100,4
184930,3/30/2024,BF1544,Garment,Female,22,Shirt,Glasgow,9,1,49,3
164375,4/4/2024,BF1551,Garment,Female,31,Shorts,London,15,1,55,1
193657,7/12/2024,BF1545,Accessories,Male,29,Belt,Paris,10,1,60,3
186386,1/16/2024,BF1543,Garment,Male,29,Sweater,Sydney,100,2,400,4
138719,6/7/2024,BF1545,Outerwear,Male,23,Coat,Memphis,10,1,10,4
173284,3/10/2024,BF1543,Garment,Male,24,Shorts,Las Vegas,100,1,100,5
138934,6/28/2024,BF1550,Footwear,Male,23,Shoes,New Jersey,97,1,97,1
145477,10/20/2024,BF1545,Footwear,Male,21,Sneakers,Portland,10,1,10,5
190980,6/4/2024,BF1546,Footwear,Female,19,Sneakers,New Jersey,118,1,118,3
151949,7/29/2024,BF1552,Garment,Female,18,Pants,New Jersey,45,1,45,4
161266,8/22/2024,BF1549,Accessories,Male,21,Jewelry,Dublin,130,1,170,4
155977,4/29/2024,BF1551,Garment,Male,30,T-shirt,Pittsburgh,15,1,15,3
155845,11/22/2023,BF1554,Accessories,Male,32,Jewelry,San Antonio,20,3,60,1
185378,6/11/2024,BF1551,Outerwear,Female,20,Jacket,Toronto,15,1,40,5
145923,11/12/2023,BF1545,Accessories,Male,30,Backpack,San Francisco,10,1,10,1
175906,2/1/2024,BF1543,Accessories,Male,25,Belt,Miami,100,1,100,1
121556,11/13/2023,BF1551,Accessories,Male,26,Scarf,Dublin,15,1,55,4
189777,1/15/2024,BF1544,Garment,Female,35,Sweater,Cleveland,9,1,9,2
197248,4/30/2024,BF1551,Accessories,Male,29,Gloves,Liverpool,15,1,55,5
177379,7/5/2024,BF1543,Accessories,Male,18,Scarf,Austin,100,1,100,3
168528,7/30/2024,BF1547,Garment,Male,20,Dress,Las Vegas,32,1,32,4
168790,1/20/2024,BF1548,Garment,Male,18,Jeans,London,65,1,105,3
137764,7/26/2024,BF1551,Accessories,Male,20,Sunglasses,Detroit,15,1,15,1
152256,1/24/2024,BF1545,Outerwear,Male,32,Coat,Memphis,10,2,20,4
135515,12/14/2023,BF1551,Garment,Male,29,Jeans,Sacramento,15,5,75,3
162765,2/25/2024,BF1549,Accessories,Female,25,Scarf,Sacramento,130,4,520,5
179797,3/26/2024,BF1548,Garment,Male,18,Blouse,New York,65,1,65,5
181836,11/18/2023,BF1545,Garment,Male,21,Jeans,Montreal,10,1,35,3
123601,11/30/2023,BF1551,Garment,Male,25,Dress,New Delhi,15,1,85,2
155195,1/30/2024,BF1549,Accessories,Male,26,Hat,New Jersey,130,1,130,1
197124,7/6/2024,BF1543,Footwear,Male,27,Sandals,Miami,100,1,100,3
179638,6/2/2024,BF1543,Outerwear,Male,30,Jacket,Portland,100,1,100,3
177685,11/24/2023,BF1552,Garment,Male,24,Socks,Austin,45,1,45,4
188628,9/10/2024,BF1549,Garment,Male,34,Jeans,Detroit,130,1,130,4
185265,2/25/2024,BF1551,Footwear,Female,26,Sandals,Portland,15,1,15,5
136233,10/31/2024,BF1547,Garment,Male,32,Dress,Detroit,32,1,32,1
160961,3/22/2024,BF1548,Garment,Male,33,Socks,Sacramento,65,2,130,3
165637,12/13/2023,BF1550,Garment,Male,33,Hoodie,Cardiff,97,3,411,5
176826,9/16/2024,BF1548,Garment,Male,32,Dress,Detroit,65,1,65,5
139463,5/30/2024,BF1544,Footwear,Male,34,Sneakers,Cardiff,9,1,49,4
185171,12/14/2023,BF1543,Garment,Female,22,T-shirt,Miami,100,2,200,4
176259,4/4/2024,BF1550,Garment,Male,25,T-shirt,Glasgow,97,1,137,4
131112,3/26/2024,BF1545,Garment,Female,35,Sweater,New Jersey,10,2,20,4
180408,11/5/2023,BF1545,Garment,Male,32,Shirt,Portland,10,4,40,5
142991,5/14/2024,BF1545,Accessories,Male,34,Hat,Austin,10,2,20,1
160045,12/12/2023,BF1543,Garment,Male,21,Pants,San Francisco,100,2,200,4
125600,9/21/2024,BF1552,Footwear,Male,23,Shoes,Dublin,45,1,85,4
193947,2/3/2024,BF1547,Accessories,Male,20,Gloves,Sacramento,32,2,64,2
130025,8/14/2024,BF1544,Accessories,Male,31,Jewelry,Cleveland,9,3,27,4
140520,9/26/2024,BF1551,Garment,Male,31,Pants,Cleveland,15,1,15,3
154437,1/25/2024,BF1548,Garment,Male,32,Hoodie,New Jersey,65,1,65,5
157943,5/15/2024,BF1551,Accessories,Male,18,Jewelry,New York,15,2,30,4
182163,8/26/2024,BF1543,Garment,Male,24,Socks,Las Vegas,100,2,200,1
144243,10/30/2024,BF1552,Accessories,Female,22,Sunglasses,New Jersey,45,1,45,4
129044,5/13/2024,BF1549,Accessories,Male,19,Belt,Portland,130,3,390,1
156363,4/4/2024,BF1544,Garment,Female,30,Dress,Toronto,9,1,34,4
186665,3/8/2024,BF1544,Garment,Male,22,Shirt,San Francisco,9,1,9,3
122711,3/7/2024,BF1544,Accessories,Male,24,Scarf,Sacramento,9,1,9,4
148955,5/29/2024,BF1547,Outerwear,Male,22,Jacket,Paris,32,2,164,2
149520,11/30/2023,BF1547,Garment,Male,30,Dress,Dublin,32,1,72,3
190119,9/18/2024,BF1549,Garment,Male,33,Socks,Manchester,130,1,170,1
147554,1/9/2024,BF1548,Accessories,Male,21,Jewelry,Detroit,65,1,65,4
147762,5/20/2024,BF1552,Accessories,Male,18,Scarf,Cleveland,45,1,45,5
137207,9/22/2024,BF1555,Accessories,Female,22,Backpack,Dublin,23,2,126,4
175481,9/19/2024,BF1548,Outerwear,Male,30,Jacket,Detroit,65,1,65,5
172607,5/24/2024,BF1552,Outerwear,Male,18,Coat,New Jersey,45,1,45,4
168498,9/11/2024,BF1544,Garment,Male,20,Skirt,Pittsburgh,9,4,36,4
186910,10/10/2024,BF1553,Outerwear,Male,34,Coat,New Jersey,50,2,100,3
131047,3/28/2024,BF1545,Footwear,Male,29,Shoes,New York,10,1,10,3
184907,5/7/2024,BF1543,Footwear,Male,27,Boots,Miami,100,1,100,1
122561,5/17/2024,BF1551,Outerwear,Male,27,Coat,Miami,15,1,15,1
188494,11/20/2023,BF1550,Garment,Male,34,Skirt,Pittsburgh,97,1,97,4
132095,12/22/2023,BF1543,Accessories,Male,20,Backpack,New York,100,1,100,4
172937,10/28/2024,BF1549,Garment,Female,26,Shorts,San Francisco,130,1,130,4
143225,7/7/2024,BF1546,Garment,Male,21,Skirt,Liverpool,118,1,158,2
167669,12/16/2023,BF1548,Accessories,Male,34,Hat,Detroit,65,4,260,5
168877,5/8/2024,BF1545,Footwear,Female,27,Sandals,New Jersey,10,1,10,4
143402,9/13/2024,BF1551,Accessories,Male,28,Sunglasses,Portland,15,1,15,5
162623,11/19/2023,BF1545,Accessories,Male,23,Sunglasses,Memphis,10,1,10,5
190576,4/14/2024,BF1543,Garment,Male,19,Socks,Cleveland,100,1,100,2
183608,1/3/2024,BF1544,Garment,Female,23,Sweater,Montreal,9,1,34,4
134208,3/13/2024,BF1552,Footwear,Male,21,Boots,Memphis,45,4,180,4
199468,12/11/2023,BF1549,Accessories,Female,19,Handbag,Miami,130,1,130,4
189619,10/11/2024,BF1548,Garment,Male,29,Dress,San Francisco,65,1,65,3
178455,11/11/2023,BF1553,Accessories,Female,23,Hat,Miami,50,1,50,4
174444,9/3/2024,BF1549,Footwear,Male,35,Sandals,San Antonio,130,2,260,3
177065,3/11/2024,BF1548,Footwear,Male,26,Shoes,Toronto,65,1,90,5
121927,11/23/2023,BF1548,Garment,Male,24,Skirt,Sacramento,65,1,65,2
184571,1/17/2024,BF1550,Accessories,Male,32,Sunglasses,Sacramento,97,1,97,5
170304,6/25/2024,BF1544,Garment,Female,30,Skirt,New Delhi,9,1,79,5
129893,7/27/2024,BF1546,Garment,Male,22,T-shirt,Cleveland,118,1,118,5
173091,2/4/2024,BF1551,Footwear,Female,28,Sandals,Las Vegas,15,1,15,5
157216,7/17/2024,BF1546,Garment,Male,19,Shirt,Detroit,118,4,472,5
135596,7/30/2024,BF1548,Garment,Male,29,Jeans,Pittsburgh,65,1,65,4
199897,1/13/2024,BF1544,Garment,Male,27,Shorts,San Francisco,9,1,9,5
134825,2/2/2024,BF1543,Garment,Female,23,Shirt,Austin,100,3,300,3
163045,2/18/2024,BF1548,Accessories,Male,20,Scarf,Sydney,65,1,165,5
197908,2/14/2024,BF1551,Accessories,Male,30,Handbag,Pittsburgh,15,1,15,4
140455,6/18/2024,BF1551,Garment,Male,35,Skirt,Toronto,15,1,40,5
174670,2/2/2024,BF1550,Accessories,Male,27,Handbag,Memphis,97,2,194,4
133503,2/1/2024,BF1554,Accessories,Male,19,Gloves,Liverpool,20,1,60,5
154959,12/19/2023,BF1546,Garment,Male,34,Shirt,Portland,118,1,118,4
184022,9/18/2024,BF1543,Garment,Male,26,Blouse,Memphis,100,1,100,5
189020,7/25/2024,BF1551,Garment,Male,35,Dress,Sacramento,15,1,15,5
160217,8/5/2024,BF1545,Garment,Female,24,Shorts,Sacramento,10,1,10,1
140766,2/18/2024,BF1544,Footwear,Male,33,Shoes,San Francisco,9,1,9,1
157672,3/12/2024,BF1551,Footwear,Male,32,Sandals,New Jersey,15,1,15,5
193482,1/23/2024,BF1550,Garment,Female,18,Pants,Sacramento,97,4,388,2
161479,10/9/2024,BF1549,Outerwear,Female,35,Jacket,Sacramento,130,1,130,3
174503,1/30/2024,BF1552,Garment,Male,22,Skirt,Cleveland,45,1,45,5
185209,1/11/2024,BF1553,Accessories,Male,20,Handbag,Sydney,50,1,150,4
148636,5/31/2024,BF1551,Outerwear,Male,20,Coat,San Antonio,15,1,15,1
189286,5/17/2024,BF1543,Garment,Female,33,Sweater,Memphis,100,1,100,4
139190,12/22/2023,BF1547,Garment,Male,33,Shorts,Pittsburgh,32,3,96,4
129290,7/21/2024,BF1548,Garment,Female,20,Skirt,Detroit,65,4,260,4
185087,3/26/2024,BF1543,Accessories,Female,22,Gloves,Miami,100,3,300,4
125379,8/10/2024,BF1551,Accessories,Male,19,Backpack,San Francisco,15,1,15,1
124830,4/13/2024,BF1545,Garment,Female,26,Dress,Cardiff,10,1,50,5
134631,1/31/2024,BF1548,Accessories,Male,35,Belt,Toronto,65,1,90,5
172346,11/4/2024,BF1551,Accessories,Male,23,Gloves,Cleveland,15,1,15,5
150408,9/13/2024,BF1553,Accessories,Male,20,Jewelry,New Jersey,50,3,150,5
176751,5/10/2024,BF1552,Garment,Male,35,Socks,Dublin,45,3,255,5
136437,8/7/2024,BF1550,Outerwear,Male,21,Coat,Memphis,97,1,97,5
180929,1/18/2024,BF1548,Accessories,Female,25,Handbag,Sacramento,65,4,260,2
149421,10/11/2024,BF1548,Garment,Male,23,Blouse,Pittsburgh,65,4,260,4
140223,7/11/2024,BF1551,Garment,Female,35,Shorts,New Jersey,15,1,15,1
120448,1/4/2024,BF1543,Footwear,Female,20,Shoes,Portland,100,1,100,4
187838,8/21/2024,BF1550,Garment,Male,25,Shorts,Sacramento,97,3,291,4
157078,7/2/2024,BF1551,Footwear,Female,35,Sandals,Sacramento,15,3,45,4
130831,5/26/2024,BF1543,Garment,Male,25,Blouse,New Jersey,100,4,400,5
176951,7/15/2024,BF1543,Outerwear,Female,29,Coat,San Francisco,100,1,100,1
128875,5/16/2024,BF1544,Garment,Female,21,Blouse,New Delhi,9,2,158,1
142811,11/2/2024,BF1544,Accessories,Male,23,Belt,Sacramento,9,2,18,4
192650,9/26/2024,BF1554,Garment,Male,25,Blouse,Pittsburgh,20,1,20,3
122743,6/2/2024,BF1553,Accessories,Male,28,Scarf,Miami,50,1,50,4
194247,10/12/2024,BF1547,Garment,Male,26,Shirt,San Francisco,32,1,32,4
185661,11/24/2023,BF1553,Garment,Male,32,Socks,Portland,50,3,150,5
149286,7/18/2024,BF1547,Garment,Female,28,Jeans,Memphis,32,2,64,4
162611,3/21/2024,BF1543,Garment,Male,21,Dress,Detroit,100,1,100,5
196212,1/22/2024,BF1549,Footwear,Male,31,Boots,Pittsburgh,130,1,130,3
168411,12/24/2023,BF1548,Accessories,Male,18,Scarf,Portland,65,2,130,3
158625,10/1/2024,BF1546,Accessories,Male,34,Scarf,Austin,118,2,236,1
142729,6/9/2024,BF1554,Accessories,Female,24,Gloves,New Jersey,20,1,20,5
123340,11/12/2023,BF1553,Garment,Male,34,Pants,San Francisco,50,1,50,5
170846,11/17/2023,BF1546,Garment,Male,21,Dress,Cleveland,118,2,236,2
181077,7/20/2024,BF1543,Garment,Female,26,Dress,Portland,100,2,200,3
199736,9/15/2024,BF1552,Garment,Male,35,Jeans,San Francisco,45,1,45,5
167720,7/12/2024,BF1545,Garment,Male,27,Sweater,Sacramento,10,1,10,5
153376,4/10/2024,BF1543,Footwear,Male,22,Sandals,New Jersey,100,1,100,4
144932,12/4/2023,BF1543,Accessories,Female,22,Handbag,Portland,100,2,200,1
143580,3/18/2024,BF1551,Accessories,Female,22,Scarf,Austin,15,1,15,3
161540,5/26/2024,BF1544,Footwear,Female,22,Sandals,Memphis,9,1,9,3
176975,6/27/2024,BF1548,Accessories,Male,33,Sunglasses,Detroit,65,1,65,3
139971,3/22/2024,BF1551,Garment,Male,31,Sweater,Mumbai,15,1,85,1
172201,6/13/2024,BF1553,Garment,Female,29,Pants,Sacramento,50,2,100,3
125221,8/14/2024,BF1551,Accessories,Male,23,Hat,Montreal,15,1,40,4
184141,3/9/2024,BF1554,Accessories,Male,21,Belt,New Jersey,20,1,20,1
149493,7/21/2024,BF1553,Footwear,Male,19,Sandals,Cardiff,50,1,90,4
121461,8/6/2024,BF1543,Garment,Male,34,Pants,Memphis,100,1,100,5
150403,3/5/2024,BF1546,Accessories,Female,28,Jewelry,Glasgow,118,3,474,1
127291,12/19/2023,BF1548,Accessories,Male,32,Sunglasses,Dublin,65,2,210,1
180420,5/1/2024,BF1547,Garment,Male,33,Blouse,Dublin,32,1,72,2
181876,1/19/2024,BF1543,Accessories,Male,20,Belt,Memphis,100,1,100,5
138986,3/13/2024,BF1548,Garment,Male,27,Shorts,Montreal,65,1,90,4
183363,10/17/2024,BF1552,Garment,Male,22,Pants,Montreal,45,1,70,1
120666,9/18/2024,BF1548,Footwear,Female,19,Sandals,London,65,2,210,4
160448,3/8/2024,BF1548,Accessories,Female,28,Gloves,Portland,65,1,65,4
161472,9/19/2024,BF1552,Accessories,Male,31,Belt,San Francisco,45,1,45,4
130905,11/3/2024,BF1552,Garment,Male,19,Shirt,San Francisco,45,1,45,4
142075,9/27/2024,BF1551,Accessories,Male,32,Scarf,New York,15,1,15,3
127638,1/31/2024,BF1545,Accessories,Male,31,Gloves,Miami,10,3,30,5
165994,6/22/2024,BF1545,Garment,Male,30,Pants,San Francisco,10,1,10,5
143136,10/1/2024,BF1551,Footwear,Male,22,Sneakers,Montreal,15,1,40,1
171713,5/17/2024,BF1544,Outerwear,Female,26,Jacket,San Antonio,9,2,18,4
148690,9/24/2024,BF1550,Footwear,Male,33,Shoes,New Jersey,97,1,97,4
126373,11/16/2023,BF1552,Garment,Male,34,Blouse,Manchester,45,2,170,2
171711,5/2/2024,BF1549,Footwear,Male,21,Boots,Toronto,130,1,155,4
181472,12/15/2023,BF1551,Garment,Male,34,Socks,Portland,15,1,15,5
181333,11/25/2023,BF1550,Garment,Male,21,T-shirt,Sydney,97,1,197,5
166689,11/7/2023,BF1555,Footwear,Male,22,Sandals,Sydney,23,1,123,3
167605,1/18/2024,BF1545,Footwear,Male,32,Sneakers,Montreal,10,1,35,4
199415,7/4/2024,BF1543,Accessories,Female,23,Jewelry,Liverpool,100,1,140,4
197188,4/28/2024,BF1548,Footwear,Male,29,Sandals,San Francisco,65,1,65,2
155393,8/16/2024,BF1550,Outerwear,Male,18,Jacket,Sacramento,97,1,97,5
184956,7/9/2024,BF1549,Garment,Male,27,Skirt,New Delhi,130,2,400,4
178425,6/3/2024,BF1544,Garment,Male,22,Shirt,Mumbai,9,1,79,1
128743,3/2/2024,BF1545,Garment,Female,20,Shorts,San Francisco,10,1,10,4
198984,8/16/2024,BF1548,Garment,Female,18,Socks,Portland,65,1,65,1
126190,9/27/2024,BF1548,Outerwear,Male,27,Jacket,San Antonio,65,1,65,5
155856,4/2/2024,BF1548,Accessories,Male,25,Jewelry,Sydney,65,2,330,5
125934,10/23/2024,BF1550,Garment,Male,25,T-shirt,New Jersey,97,2,194,1
141032,7/8/2024,BF1548,Accessories,Male,22,Gloves,Pittsburgh,65,1,65,5
189132,7/24/2024,BF1543,Footwear,Male,21,Shoes,Austin,100,3,300,5
133449,9/12/2024,BF1552,Footwear,Male,22,Shoes,New Jersey,45,1,45,5
190396,7/8/2024,BF1546,Footwear,Male,20,Shoes,Las Vegas,118,1,118,5
128573,12/4/2023,BF1544,Garment,Female,23,Hoodie,Cleveland,9,1,9,5
177785,5/19/2024,BF1554,Accessories,Male,35,Belt,Montreal,20,5,225,4
197666,7/16/2024,BF1553,Outerwear,Male,32,Coat,San Francisco,50,1,50,5
140911,11/21/2023,BF1551,Garment,Male,29,Blouse,Pittsburgh,15,1,15,5
122105,10/25/2024,BF1548,Garment,Male,22,Skirt,Miami,65,1,65,4
165639,2/15/2024,BF1554,Garment,Male,18,T-shirt,New Jersey,20,1,20,5
180999,2/17/2024,BF1555,Garment,Male,29,Jeans,Las Vegas,23,3,69,4
142167,3/6/2024,BF1551,Accessories,Male,31,Scarf,Mumbai,15,1,85,5
156589,11/22/2023,BF1551,Accessories,Male,27,Backpack,Detroit,15,1,15,4
150446,9/15/2024,BF1551,Accessories,Female,25,Backpack,Miami,15,1,15,2
173373,6/24/2024,BF1543,Accessories,Female,20,Scarf,Detroit,100,1,100,1
180301,10/3/2024,BF1548,Accessories,Male,34,Hat,Cardiff,65,3,315,4
163259,7/8/2024,BF1547,Outerwear,Male,24,Coat,Portland,32,3,96,4
156008,8/9/2024,BF1543,Garment,Male,24,Dress,Austin,100,1,100,3
143876,7/7/2024,BF1549,Accessories,Male,25,Gloves,Portland,130,1,130,4
131957,9/11/2024,BF1546,Garment,Male,26,Sweater,New York,118,1,118,4
163577,5/26/2024,BF1545,Garment,Male,19,Skirt,Portland,10,3,30,4
176196,11/5/2023,BF1551,Garment,Male,25,Blouse,Sacramento,15,1,15,1
152432,4/27/2024,BF1550,Garment,Male,21,Dress,San Francisco,97,1,97,5
169404,10/14/2024,BF1549,Outerwear,Male,25,Jacket,San Antonio,130,1,130,5
183781,12/9/2023,BF1545,Outerwear,Male,32,Coat,Las Vegas,10,1,10,5
185046,1/1/2024,BF1554,Garment,Male,34,Dress,San Antonio,20,1,20,5
169637,9/9/2024,BF1548,Garment,Male,34,Shorts,Toronto,65,1,90,5
122281,2/29/2024,BF1549,Garment,Female,24,Jeans,Portland,130,1,130,4
122196,12/24/2023,BF1551,Accessories,Male,35,Hat,San Francisco,15,1,15,4
193373,5/8/2024,BF1546,Accessories,Male,32,Gloves,Las Vegas,118,2,236,5
145683,9/4/2024,BF1555,Footwear,Male,24,Sneakers,Liverpool,23,1,63,5
143435,9/23/2024,BF1545,Footwear,Female,33,Shoes,Miami,10,1,10,4
164402,5/28/2024,BF1548,Garment,Male,26,Hoodie,Cleveland,65,1,65,4
147113,8/4/2024,BF1543,Footwear,Male,19,Sneakers,Cardiff,100,1,140,4
152219,2/4/2024,BF1548,Accessories,Female,21,Handbag,New Delhi,65,1,135,5
182430,1/4/2024,BF1548,Garment,Male,29,Blouse,San Francisco,65,2,130,5
120434,12/27/2023,BF1550,Accessories,Male,34,Belt,Las Vegas,97,1,97,3
168757,8/30/2024,BF1550,Garment,Male,21,Socks,Miami,97,1,97,3
166863,4/20/2024,BF1550,Garment,Female,35,Blouse,Montreal,97,1,122,1
188240,12/14/2023,BF1546,Accessories,Male,33,Jewelry,Detroit,118,1,118,4
158509,2/23/2024,BF1548,Garment,Male,29,Shorts,Las Vegas,65,1,65,1
194787,12/28/2023,BF1548,Footwear,Male,28,Boots,New Jersey,65,5,325,5
169185,3/25/2024,BF1546,Outerwear,Female,30,Coat,Las Vegas,118,1,118,3
176058,9/24/2024,BF1543,Garment,Male,23,T-shirt,New York,100,1,100,5
195469,7/1/2024,BF1552,Garment,Female,27,Sweater,Detroit,45,1,45,1
139445,11/11/2023,BF1546,Accessories,Female,23,Sunglasses,Austin,118,1,118,5
169823,9/23/2024,BF1554,Accessories,Female,24,Hat,New Jersey,20,5,100,4
178133,7/23/2024,BF1548,Accessories,Male,21,Gloves,New Delhi,65,1,135,1
153699,9/3/2024,BF1548,Garment,Male,31,Socks,Memphis,65,1,65,5
150823,5/27/2024,BF1544,Accessories,Female,35,Handbag,New York,9,1,9,5
187581,6/5/2024,BF1550,Outerwear,Female,23,Coat,Austin,97,2,194,5
143980,1/31/2024,BF1551,Outerwear,Male,30,Coat,San Antonio,15,2,30,2
121316,11/17/2023,BF1553,Garment,Male,19,Pants,Portland,50,2,100,4
143951,10/21/2024,BF1549,Accessories,Male,25,Belt,Detroit,130,2,260,4
180403,5/7/2024,BF1545,Accessories,Male,26,Sunglasses,Detroit,10,1,10,4
144664,12/4/2023,BF1543,Garment,Male,33,Hoodie,London,100,1,140,5
183820,9/30/2024,BF1552,Accessories,Male,20,Handbag,Cleveland,45,3,135,5
140764,4/11/2024,BF1548,Accessories,Male,22,Gloves,Pittsburgh,65,1,65,4
134041,2/26/2024,BF1552,Garment,Male,35,Skirt,Las Vegas,45,1,45,5
125866,5/27/2024,BF1548,Accessories,Female,18,Sunglasses,Sacramento,65,1,65,1
128991,1/27/2024,BF1543,Garment,Female,22,Dress,Memphis,100,1,100,3
128898,12/27/2023,BF1554,Accessories,Male,34,Gloves,Sacramento,20,1,20,5
155950,2/9/2024,BF1548,Footwear,Male,28,Sneakers,Detroit,65,1,65,3
189334,5/26/2024,BF1543,Garment,Male,28,T-shirt,Detroit,100,1,100,1
143314,12/15/2023,BF1554,Garment,Male,27,Dress,Memphis,20,1,20,1
167228,9/30/2024,BF1543,Accessories,Male,20,Handbag,Sacramento,100,1,100,3
153917,4/24/2024,BF1550,Garment,Male,18,Socks,London,97,1,137,5
171352,10/10/2024,BF1551,Footwear,Male,32,Sneakers,Pittsburgh,15,1,15,5
197519,1/25/2024,BF1544,Outerwear,Male,29,Jacket,New Delhi,9,1,79,4
121322,11/23/2023,BF1554,Garment,Male,32,Hoodie,Portland,20,1,20,3
151627,7/20/2024,BF1543,Footwear,Female,18,Sandals,Pittsburgh,100,1,100,3
144101,11/11/2023,BF1551,Footwear,Female,31,Shoes,Sydney,15,1,115,3
174736,1/26/2024,BF1548,Footwear,Male,28,Sandals,Sacramento,65,1,65,4
131798,3/14/2024,BF1552,Outerwear,Male,31,Coat,New Jersey,45,1,45,5
143857,6/26/2024,BF1548,Accessories,Female,30,Gloves,San Francisco,65,1,65,3
157483,8/21/2024,BF1548,Outerwear,Male,21,Coat,Miami,65,1,65,4
140027,10/28/2024,BF1550,Footwear,Male,27,Boots,Portland,97,3,291,4
138153,4/18/2024,BF1551,Garment,Male,19,Skirt,Austin,15,1,15,4
179072,8/26/2024,BF1550,Garment,Male,32,Skirt,Detroit,97,1,97,5
185921,5/25/2024,BF1554,Garment,Female,26,Pants,Paris,20,1,70,5
195757,11/22/2023,BF1549,Accessories,Male,19,Hat,Cleveland,130,1,130,4
143307,7/5/2024,BF1549,Accessories,Male,21,Backpack,Sacramento,130,1,130,3
130982,2/12/2024,BF1549,Accessories,Female,20,Scarf,Detroit,130,1,130,4
193775,12/27/2023,BF1551,Accessories,Female,32,Scarf,Cleveland,15,5,75,4
154430,2/4/2024,BF1544,Garment,Male,18,Shirt,Detroit,9,4,36,1
120890,1/21/2024,BF1548,Footwear,Male,22,Boots,New Jersey,65,1,65,4
142165,6/9/2024,BF1546,Outerwear,Male,26,Coat,Toronto,118,1,143,1
135320,4/12/2024,BF1548,Accessories,Male,29,Belt,Manchester,65,1,105,3
151455,2/3/2024,BF1553,Footwear,Female,30,Boots,Cleveland,50,1,50,1
136469,4/4/2024,BF1550,Footwear,Male,19,Sneakers,Las Vegas,97,1,97,2
125165,9/6/2024,BF1550,Garment,Male,35,Shirt,San Francisco,97,1,97,1
175411,5/14/2024,BF1551,Garment,Male,19,Blouse,Miami,15,1,15,4
149443,11/20/2023,BF1547,Outerwear,Male,22,Jacket,San Francisco,32,1,32,1
180790,2/1/2024,BF1544,Garment,Male,33,Skirt,Manchester,9,1,49,1
124769,5/26/2024,BF1548,Garment,Female,22,Socks,New York,65,1,65,1
133965,1/10/2024,BF1551,Footwear,Male,35,Sandals,San Antonio,15,2,30,3
196490,8/5/2024,BF1546,Garment,Female,18,T-shirt,New Jersey,118,1,118,5
190706,6/12/2024,BF1546,Outerwear,Female,30,Jacket,Detroit,118,1,118,5
182881,8/6/2024,BF1544,Accessories,Male,24,Belt,Las Vegas,9,1,9,5
188884,5/25/2024,BF1551,Footwear,Female,24,Shoes,Portland,15,1,15,4
135827,11/7/2023,BF1550,Garment,Male,18,Blouse,New York,97,1,97,4
188609,2/28/2024,BF1547,Footwear,Male,29,Shoes,Miami,32,1,32,3
165754,10/20/2024,BF1551,Garment,Male,27,Sweater,New Jersey,15,3,45,4
137287,5/23/2024,BF1548,Footwear,Male,31,Boots,Las Vegas,65,2,130,3
178507,6/10/2024,BF1544,Accessories,Male,21,Handbag,Manchester,9,2,98,4
126500,3/25/2024,BF1544,Garment,Male,19,Blouse,New York,9,1,9,4
176703,4/5/2024,BF1546,Garment,Male,28,Skirt,San Francisco,118,1,118,4
138907,4/18/2024,BF1550,Accessories,Female,31,Backpack,Sacramento,97,2,194,5
130553,12/4/2023,BF1550,Garment,Male,31,Shirt,Cardiff,97,1,137,1
174320,3/5/2024,BF1545,Garment,Male,23,Sweater,Pittsburgh,10,2,20,4
136104,3/3/2024,BF1550,Accessories,Male,35,Scarf,Portland,97,1,97,2
180506,6/24/2024,BF1545,Accessories,Male,32,Handbag,London,10,2,100,1
152398,2/17/2024,BF1544,Accessories,Male,24,Scarf,Austin,9,3,27,1
155159,8/7/2024,BF1544,Garment,Male,28,Jeans,Sacramento,9,1,9,4
198302,2/20/2024,BF1545,Garment,Male,19,Socks,Austin,10,1,10,4
169391,1/12/2024,BF1544,Accessories,Male,35,Sunglasses,Sacramento,9,1,9,5
168278,1/14/2024,BF1544,Footwear,Female,32,Sneakers,San Antonio,9,4,36,5
171627,6/26/2024,BF1544,Footwear,Male,27,Shoes,New Delhi,9,2,158,1
165352,6/23/2024,BF1544,Garment,Male,26,Socks,Sacramento,9,1,9,5
143177,12/29/2023,BF1548,Accessories,Male,28,Sunglasses,Detroit,65,2,130,4
198836,8/12/2024,BF1554,Garment,Female,29,Sweater,New York,20,3,60,5
129883,1/23/2024,BF1551,Footwear,Female,24,Shoes,New Jersey,15,1,15,4
186122,4/21/2024,BF1548,Garment,Female,20,Socks,Miami,65,2,130,3
145176,1/16/2024,BF1546,Footwear,Female,34,Boots,New Delhi,118,2,376,4
130364,11/6/2023,BF1554,Garment,Female,29,Hoodie,San Francisco,20,2,40,2
155757,11/17/2023,BF1554,Accessories,Male,25,Gloves,New York,20,1,20,5
129786,3/1/2024,BF1554,Accessories,Male,27,Backpack,Pittsburgh,20,4,80,5
160960,3/5/2024,BF1543,Accessories,Female,21,Gloves,Toronto,100,1,125,2
186642,4/27/2024,BF1547,Garment,Female,19,Blouse,New Delhi,32,4,408,4
180021,11/10/2023,BF1553,Accessories,Female,34,Scarf,Detroit,50,4,200,2
199670,8/27/2024,BF1554,Accessories,Male,19,Hat,Miami,20,2,40,4
160608,1/23/2024,BF1550,Accessories,Male,28,Scarf,Montreal,97,1,122,2
187500,4/1/2024,BF1551,Footwear,Female,22,Sandals,Cleveland,15,2,30,4
184792,4/17/2024,BF1548,Garment,Male,35,Sweater,San Francisco,65,1,65,1
176348,2/19/2024,BF1544,Accessories,Male,35,Backpack,Memphis,9,1,9,5
148134,6/1/2024,BF1550,Garment,Female,20,Blouse,Portland,97,2,194,5
199530,12/19/2023,BF1552,Accessories,Male,23,Scarf,Portland,45,1,45,5
199648,5/26/2024,BF1548,Garment,Female,24,Socks,Portland,65,1,65,4
165424,12/23/2023,BF1550,Accessories,Male,35,Hat,Miami,97,4,388,4
197655,5/4/2024,BF1548,Garment,Male,30,Dress,New Jersey,65,1,65,4
149654,9/21/2024,BF1550,Outerwear,Male,30,Coat,Portland,97,1,97,1
152849,2/15/2024,BF1543,Garment,Male,27,Shirt,Pittsburgh,100,1,100,5
167902,12/6/2023,BF1548,Garment,Male,35,Shirt,Montreal,65,2,180,4
188480,6/3/2024,BF1552,Garment,Male,22,Jeans,Paris,45,1,95,5
149032,5/20/2024,BF1548,Garment,Male,29,Socks,Cleveland,65,1,65,3
152434,1/1/2024,BF1544,Footwear,Female,24,Sandals,San Antonio,9,1,9,1
128697,9/12/2024,BF1551,Garment,Male,23,Blouse,Montreal,15,2,80,4
149263,7/15/2024,BF1552,Garment,Female,19,Shirt,Glasgow,45,1,85,1
140880,1/3/2024,BF1551,Accessories,Female,21,Sunglasses,Sydney,15,5,575,4
158280,6/25/2024,BF1543,Outerwear,Female,29,Jacket,New York,100,1,100,3
173232,4/3/2024,BF1545,Garment,Male,31,Dress,Cleveland,10,1,10,1
165380,11/1/2024,BF1551,Accessories,Male,26,Sunglasses,Miami,15,1,15,1
170208,7/28/2024,BF1550,Footwear,Male,30,Boots,Portland,97,1,97,4
182885,9/7/2024,BF1554,Accessories,Male,28,Scarf,Sacramento,20,5,100,2
139367,8/16/2024,BF1551,Garment,Female,32,Shorts,Las Vegas,15,1,15,4
185391,1/15/2024,BF1544,Garment,Male,28,Shorts,Portland,9,1,9,5
137955,5/26/2024,BF1554,Garment,Male,35,Jeans,San Antonio,20,5,100,2
127699,5/8/2024,BF1550,Accessories,Male,18,Scarf,New York,97,3,291,1
144416,2/13/2024,BF1548,Garment,Male,20,Shorts,Montreal,65,1,90,4
181601,6/3/2024,BF1548,Footwear,Male,19,Sneakers,San Francisco,65,1,65,5
169568,12/3/2023,BF1554,Accessories,Male,19,Jewelry,San Francisco,20,1,20,5
181511,8/10/2024,BF1551,Footwear,Male,31,Shoes,Austin,15,2,30,4
151588,3/26/2024,BF1551,Garment,Male,23,Hoodie,London,15,1,55,4
180809,8/10/2024,BF1543,Outerwear,Female,31,Jacket,Cardiff,100,2,280,5
134212,1/22/2024,BF1544,Garment,Female,27,Shorts,Sacramento,9,1,9,4
132936,9/20/2024,BF1551,Garment,Male,21,Socks,Pittsburgh,15,4,60,4
194231,11/20/2023,BF1544,Outerwear,Male,32,Coat,Miami,9,1,9,5
189356,7/22/2024,BF1554,Footwear,Male,33,Sandals,London,20,5,300,5
152192,11/17/2023,BF1547,Accessories,Male,23,Backpack,San Francisco,32,5,160,4
135410,3/28/2024,BF1545,Garment,Male,18,Pants,Detroit,10,1,10,4
185911,7/12/2024,BF1551,Garment,Male,35,Sweater,Memphis,15,1,15,1
143036,12/27/2023,BF1550,Outerwear,Male,18,Jacket,New York,97,4,388,5
141950,3/3/2024,BF1551,Footwear,Female,26,Sneakers,Sacramento,15,3,45,2
168422,4/15/2024,BF1546,Accessories,Female,20,Jewelry,Liverpool,118,1,158,3
178611,11/3/2024,BF1546,Accessories,Male,30,Backpack,Austin,118,1,118,4
177474,6/8/2024,BF1551,Accessories,Male,20,Jewelry,New Jersey,15,1,15,4
125136,11/2/2024,BF1554,Footwear,Female,24,Shoes,New Jersey,20,4,80,5
124265,3/7/2024,BF1543,Outerwear,Male,22,Jacket,New Jersey,100,1,100,1
147414,1/4/2024,BF1554,Outerwear,Female,20,Jacket,Manchester,20,1,60,5
179655,5/21/2024,BF1543,Garment,Male,20,T-shirt,Austin,100,2,200,5
120696,2/9/2024,BF1548,Footwear,Male,18,Sneakers,Toronto,65,2,180,4
149424,12/30/2023,BF1552,Outerwear,Male,27,Jacket,Dublin,45,1,85,5
141271,6/6/2024,BF1549,Garment,Female,20,Hoodie,Glasgow,130,1,170,3
157485,5/16/2024,BF1552,Outerwear,Male,24,Jacket,Memphis,45,3,135,2
143327,9/30/2024,BF1545,Garment,Male,31,T-shirt,San Francisco,10,1,10,5
154725,2/1/2024,BF1550,Accessories,Male,19,Gloves,Glasgow,97,1,137,3
170518,10/20/2024,BF1549,Footwear,Female,22,Sneakers,Memphis,130,1,130,4
169559,8/26/2024,BF1544,Garment,Male,22,T-shirt,Cardiff,9,1,49,3
141322,3/22/2024,BF1548,Footwear,Male,25,Sneakers,Toronto,65,1,90,5
194736,11/15/2023,BF1551,Garment,Male,30,Jeans,Miami,15,1,15,2
136047,9/8/2024,BF1551,Accessories,Male,23,Handbag,Sydney,15,1,115,5
168470,1/12/2024,BF1552,Garment,Male,30,Socks,Sacramento,45,1,45,3
127150,5/19/2024,BF1548,Accessories,Male,22,Jewelry,New Delhi,65,1,135,2
121729,12/16/2023,BF1550,Garment,Female,26,Blouse,Memphis,97,1,97,2
182029,12/2/2023,BF1548,Accessories,Male,30,Backpack,Portland,65,1,65,3
140169,6/26/2024,BF1554,Accessories,Female,31,Scarf,Detroit,20,1,20,3
123953,2/12/2024,BF1544,Accessories,Female,35,Scarf,Mumbai,9,4,316,3
158600,10/1/2024,BF1548,Garment,Male,22,Shirt,Cleveland,65,3,195,4
177814,12/4/2023,BF1553,Garment,Male,34,Pants,Las Vegas,50,3,150,4
168186,10/29/2024,BF1551,Accessories,Female,18,Hat,Detroit,15,1,15,2
142919,11/18/2023,BF1550,Outerwear,Male,30,Coat,San Francisco,97,1,97,4
136538,7/1/2024,BF1544,Garment,Male,22,T-shirt,Manchester,9,1,49,4
170334,2/29/2024,BF1544,Garment,Male,24,Socks,Mumbai,9,2,158,5
187669,11/21/2023,BF1544,Garment,Male,24,Shirt,Mumbai,9,1,79,1
140363,1/17/2024,BF1543,Garment,Female,23,Sweater,Austin,100,3,300,5
167646,9/7/2024,BF1548,Accessories,Male,26,Gloves,Sacramento,65,1,65,5
192792,6/20/2024,BF1544,Accessories,Male,26,Belt,Austin,9,3,27,2
194340,7/2/2024,BF1547,Garment,Male,35,Jeans,New Delhi,32,1,102,2
169513,9/17/2024,BF1549,Accessories,Male,21,Handbag,Cleveland,130,2,260,5
155785,3/1/2024,BF1543,Garment,Male,26,T-shirt,Memphis,100,1,100,1
135004,8/6/2024,BF1543,Garment,Male,30,Socks,Liverpool,100,1,140,4
120513,2/20/2024,BF1549,Garment,Male,35,Jeans,Toronto,130,1,155,4
136245,1/6/2024,BF1551,Accessories,Male,32,Scarf,Dublin,15,1,55,5
152808,1/7/2024,BF1551,Garment,Male,31,Pants,Austin,15,2,30,4
198373,11/18/2023,BF1554,Garment,Male,24,Blouse,Pittsburgh,20,3,60,1
140607,11/14/2023,BF1551,Outerwear,Female,21,Jacket,Detroit,15,1,15,5
162568,2/17/2024,BF1551,Footwear,Female,28,Sandals,Liverpool,15,3,165,3
151849,11/6/2023,BF1551,Garment,Male,21,Shorts,Pittsburgh,15,4,60,1
185289,2/25/2024,BF1547,Garment,Male,34,Shorts,San Antonio,32,1,32,4
120056,11/25/2023,BF1548,Garment,Male,32,Skirt,Pittsburgh,65,1,65,3
180239,10/27/2024,BF1555,Footwear,Male,30,Sandals,New Jersey,23,2,46,3
150889,8/27/2024,BF1547,Garment,Male,27,Blouse,Montreal,32,1,57,5
165240,4/13/2024,BF1543,Footwear,Male,27,Sandals,Sacramento,100,1,100,1
159068,11/23/2023,BF1550,Garment,Female,24,Shirt,Cardiff,97,2,274,4
138279,11/6/2023,BF1548,Garment,Male,26,Socks,Montreal,65,3,270,3
172006,1/22/2024,BF1547,Garment,Male,22,T-shirt,London,32,1,72,1
129174,5/18/2024,BF1549,Garment,Male,19,Dress,Pittsburgh,130,1,130,3
199930,11/2/2024,BF1543,Accessories,Female,21,Hat,Detroit,100,1,100,5
181764,5/25/2024,BF1549,Accessories,Male,23,Gloves,Sydney,130,2,460,4
170092,11/24/2023,BF1549,Garment,Male,31,Socks,Cleveland,130,1,130,4
174328,3/11/2024,BF1550,Garment,Female,22,Dress,London,97,1,137,3
148830,6/16/2024,BF1551,Garment,Male,33,Socks,Manchester,15,5,275,1
126424,12/31/2023,BF1549,Accessories,Female,23,Belt,Detroit,130,1,130,5
143533,10/24/2024,BF1551,Accessories,Male,33,Handbag,Mumbai,15,1,85,3
153787,11/7/2023,BF1551,Garment,Female,32,Skirt,San Antonio,15,1,15,2
130486,9/5/2024,BF1545,Garment,Male,27,Hoodie,Cardiff,10,2,100,5
125702,1/1/2024,BF1551,Garment,Male,18,Blouse,Manchester,15,1,55,5
142881,9/3/2024,BF1544,Garment,Male,35,Jeans,Miami,9,1,9,4
156456,5/28/2024,BF1548,Footwear,Male,35,Boots,San Antonio,65,1,65,1
153079,7/17/2024,BF1548,Accessories,Male,34,Handbag,Portland,65,2,130,5
193912,8/9/2024,BF1543,Outerwear,Male,29,Coat,Memphis,100,1,100,4
156787,12/10/2023,BF1544,Garment,Male,30,Blouse,Austin,9,1,9,3
147530,2/12/2024,BF1547,Accessories,Female,35,Handbag,Pittsburgh,32,1,32,3
126247,3/7/2024,BF1546,Accessories,Male,35,Sunglasses,Cleveland,118,1,118,4
190342,6/13/2024,BF1543,Garment,Male,27,Socks,Las Vegas,100,1,100,5
198168,8/18/2024,BF1547,Footwear,Male,22,Shoes,Portland,32,2,64,3
132538,10/30/2024,BF1546,Accessories,Male,34,Backpack,Paris,118,1,168,4
149592,11/22/2023,BF1545,Accessories,Male,31,Scarf,Manchester,10,1,50,4
176441,12/18/2023,BF1548,Accessories,Male,24,Backpack,Liverpool,65,2,210,5
189088,5/23/2024,BF1551,Outerwear,Male,31,Coat,Detroit,15,2,30,3
199428,11/15/2023,BF1548,Garment,Male,34,Hoodie,Sacramento,65,1,65,1
189235,12/21/2023,BF1548,Accessories,Female,32,Gloves,New York,65,1,65,1
125229,2/28/2024,BF1551,Garment,Male,28,Shorts,Dublin,15,2,110,4
169007,12/10/2023,BF1551,Garment,Male,28,Skirt,Portland,15,1,15,4
198935,8/8/2024,BF1544,Footwear,Female,34,Boots,Cleveland,9,1,9,5
190109,12/24/2023,BF1552,Garment,Male,33,Shorts,Detroit,45,1,45,4
120715,11/13/2023,BF1555,Accessories,Male,23,Handbag,Detroit,23,1,23,5
192347,6/2/2024,BF1550,Garment,Male,25,Dress,New Delhi,97,5,835,2
184596,4/10/2024,BF1546,Footwear,Female,18,Shoes,Detroit,118,1,118,1
169781,12/23/2023,BF1545,Footwear,Male,21,Sneakers,Las Vegas,10,1,10,4
133466,1/1/2024,BF1550,Garment,Female,21,Socks,Las Vegas,97,1,97,1
159559,5/11/2024,BF1552,Outerwear,Male,30,Jacket,Las Vegas,45,1,45,1
127557,11/11/2023,BF1551,Accessories,Female,24,Backpack,Montreal,15,4,160,5
151318,12/18/2023,BF1545,Garment,Female,19,Socks,Toronto,10,3,105,5
196328,9/2/2024,BF1553,Accessories,Female,35,Handbag,Dublin,50,1,90,4
166454,1/24/2024,BF1551,Accessories,Male,34,Hat,New Jersey,15,1,15,2
149639,4/14/2024,BF1548,Garment,Female,18,Blouse,Las Vegas,65,1,65,5
134596,4/9/2024,BF1548,Garment,Male,18,Shorts,Austin,65,1,65,3
132338,6/3/2024,BF1552,Garment,Male,25,Shirt,Sacramento,45,2,90,1
177148,5/4/2024,BF1551,Footwear,Male,18,Boots,Pittsburgh,15,2,30,4
158214,12/25/2023,BF1550,Outerwear,Male,26,Jacket,Glasgow,97,1,137,5
152713,4/18/2024,BF1551,Outerwear,Male,29,Jacket,Las Vegas,15,1,15,4
189888,10/15/2024,BF1548,Accessories,Male,33,Handbag,Sydney,65,3,495,2
142409,10/30/2024,BF1545,Accessories,Male,25,Belt,Cleveland,10,1,10,1
187166,7/11/2024,BF1543,Accessories,Male,32,Handbag,San Antonio,100,1,100,3
174970,9/21/2024,BF1548,Outerwear,Male,24,Coat,Detroit,65,5,325,1
174763,4/3/2024,BF1554,Garment,Male,19,Sweater,London,20,3,180,5
134244,10/18/2024,BF1548,Garment,Female,20,Shorts,Pittsburgh,65,1,65,5
163161,10/8/2024,BF1554,Garment,Male,18,Pants,Detroit,20,3,60,2
141745,9/29/2024,BF1548,Accessories,Male,34,Jewelry,Portland,65,1,65,2
192577,1/12/2024,BF1551,Accessories,Female,26,Gloves,Cleveland,15,1,15,1
164644,10/11/2024,BF1550,Garment,Male,35,Skirt,Memphis,97,4,388,4
161262,8/19/2024,BF1545,Footwear,Male,33,Sandals,Pittsburgh,10,1,10,5
130520,1/10/2024,BF1544,Garment,Male,24,Socks,Austin,9,1,9,4
122902,5/30/2024,BF1552,Accessories,Female,32,Jewelry,Memphis,45,1,45,5
149652,2/2/2024,BF1545,Accessories,Male,35,Sunglasses,Sacramento,10,1,10,3
168579,4/1/2024,BF1550,Outerwear,Female,33,Coat,Pittsburgh,97,1,97,5
162372,11/17/2023,BF1545,Accessories,Male,30,Belt,Mumbai,10,2,160,3
179828,9/4/2024,BF1551,Outerwear,Male,33,Coat,Detroit,15,1,15,3
128297,11/18/2023,BF1551,Accessories,Female,24,Scarf,Sacramento,15,1,15,2
123286,2/4/2024,BF1548,Footwear,Male,28,Sandals,New York,65,1,65,4
132168,4/20/2024,BF1550,Accessories,Female,24,Belt,New Jersey,97,1,97,3
147707,9/8/2024,BF1546,Accessories,Male,32,Scarf,San Francisco,118,1,118,4
163656,5/4/2024,BF1544,Accessories,Male,27,Jewelry,New Delhi,9,4,316,4
198043,2/17/2024,BF1549,Accessories,Male,26,Scarf,Las Vegas,130,1,130,1
168232,12/4/2023,BF1548,Garment,Male,35,Pants,New York,65,1,65,4
150284,8/20/2024,BF1547,Footwear,Female,21,Shoes,Glasgow,32,1,72,3
178347,9/4/2024,BF1545,Footwear,Male,18,Boots,New Jersey,10,1,10,5
176777,8/26/2024,BF1546,Outerwear,Male,19,Jacket,Cleveland,118,2,236,5
124414,7/1/2024,BF1544,Accessories,Male,34,Backpack,Austin,9,2,18,4
178996,9/22/2024,BF1552,Outerwear,Male,32,Jacket,Austin,45,1,45,5
196368,10/5/2024,BF1551,Footwear,Male,31,Boots,Miami,15,1,15,1
158184,7/10/2024,BF1552,Footwear,Male,25,Shoes,Cardiff,45,3,255,5
127575,2/6/2024,BF1553,Accessories,Female,30,Belt,Sacramento,50,3,150,4
168744,2/18/2024,BF1548,Accessories,Male,30,Jewelry,Glasgow,65,1,105,4
169175,2/29/2024,BF1544,Accessories,Male,32,Jewelry,London,9,2,98,3
186969,1/11/2024,BF1551,Garment,Male,26,Pants,Las Vegas,15,2,30,1
160521,4/5/2024,BF1554,Garment,Male,27,T-shirt,Manchester,20,1,60,1
140159,6/7/2024,BF1548,Garment,Male,31,Shorts,Liverpool,65,4,420,5
142774,12/2/2023,BF1543,Garment,Male,30,Hoodie,Cleveland,100,1,100,3
133911,3/30/2024,BF1553,Accessories,Female,19,Belt,Portland,50,1,50,3
180861,8/17/2024,BF1554,Footwear,Female,35,Boots,Las Vegas,20,1,20,3
185902,1/23/2024,BF1552,Garment,Female,18,Hoodie,Sacramento,45,1,45,4
183454,9/16/2024,BF1544,Garment,Female,24,Shorts,Portland,9,1,9,5
169112,12/28/2023,BF1549,Accessories,Male,33,Backpack,Glasgow,130,1,170,3
127808,11/23/2023,BF1551,Accessories,Female,29,Scarf,Toronto,15,1,40,1
192333,5/7/2024,BF1543,Garment,Female,33,Socks,Miami,100,1,100,4
190632,4/28/2024,BF1545,Accessories,Male,18,Handbag,Las Vegas,10,3,30,5
148247,1/6/2024,BF1550,Accessories,Male,27,Sunglasses,Las Vegas,97,4,388,3
151329,5/9/2024,BF1543,Garment,Male,28,T-shirt,Detroit,100,3,300,1
182497,3/25/2024,BF1544,Garment,Female,23,Dress,Cardiff,9,1,49,2
138308,11/27/2023,BF1550,Footwear,Male,24,Sneakers,London,97,2,274,5
137199,10/12/2024,BF1548,Accessories,Male,25,Sunglasses,New York,65,1,65,5
183784,7/12/2024,BF1550,Garment,Female,20,Blouse,Sacramento,97,1,97,4
174566,7/6/2024,BF1546,Garment,Male,30,T-shirt,Miami,118,3,354,4
199054,12/19/2023,BF1552,Accessories,Male,26,Hat,San Antonio,45,1,45,4
182047,3/4/2024,BF1549,Garment,Male,26,Shorts,Glasgow,130,1,170,1
143666,1/9/2024,BF1550,Garment,Male,24,Hoodie,New Jersey,97,2,194,4
121816,9/25/2024,BF1544,Garment,Male,22,Socks,New York,9,1,9,1
124544,6/13/2024,BF1543,Accessories,Female,19,Sunglasses,Memphis,100,1,100,1
121164,5/19/2024,BF1549,Garment,Male,35,Blouse,New York,130,1,130,3
153188,3/18/2024,BF1552,Garment,Female,24,Jeans,Las Vegas,45,1,45,4
150503,1/31/2024,BF1543,Garment,Male,25,Dress,Pittsburgh,100,2,200,5
193521,4/17/2024,BF1551,Garment,Male,34,Dress,New York,15,4,60,5
178701,3/6/2024,BF1548,Garment,Male,19,Jeans,Austin,65,1,65,4
135855,2/4/2024,BF1550,Garment,Male,22,Socks,Sacramento,97,1,97,1
165103,11/6/2023,BF1548,Accessories,Female,25,Sunglasses,Las Vegas,65,2,130,5
122017,9/23/2024,BF1551,Outerwear,Male,35,Coat,Portland,15,1,15,2
174482,1/4/2024,BF1551,Accessories,Male,26,Scarf,San Antonio,15,2,30,1
124422,3/28/2024,BF1555,Accessories,Male,27,Backpack,Las Vegas,23,1,23,5
126719,11/15/2023,BF1549,Garment,Female,19,Pants,Pittsburgh,130,1,130,1
127034,12/29/2023,BF1550,Accessories,Male,26,Gloves,Montreal,97,1,122,3
182115,8/30/2024,BF1548,Outerwear,Male,33,Jacket,San Antonio,65,3,195,3
175103,7/9/2024,BF1543,Garment,Female,35,Shorts,New York,100,3,300,5
132548,7/7/2024,BF1555,Garment,Female,31,Pants,New Jersey,23,1,23,5
124893,8/21/2024,BF1548,Garment,Female,30,Skirt,New York,65,1,65,4
124148,9/6/2024,BF1554,Garment,Male,20,Blouse,Pittsburgh,20,3,60,1
124529,3/16/2024,BF1550,Garment,Male,19,Shirt,San Antonio,97,1,97,2
186511,5/11/2024,BF1554,Accessories,Male,25,Jewelry,Austin,20,1,20,4
195400,4/24/2024,BF1549,Accessories,Male,26,Backpack,Glasgow,130,1,170,4
175423,5/9/2024,BF1544,Accessories,Male,22,Jewelry,Austin,9,4,36,4
151212,5/22/2024,BF1550,Accessories,Female,19,Belt,New York,97,3,291,4
128248,4/5/2024,BF1545,Garment,Male,25,Dress,Mumbai,10,1,80,4
184666,9/28/2024,BF1545,Outerwear,Male,23,Coat,Toronto,10,1,35,5
125113,4/15/2024,BF1546,Garment,Female,26,Dress,Cleveland,118,1,118,5
143849,11/18/2023,BF1543,Garment,Male,23,Sweater,Memphis,100,2,200,3
161749,3/23/2024,BF1551,Garment,Male,22,Hoodie,Austin,15,1,15,3
129128,6/6/2024,BF1543,Footwear,Male,35,Shoes,Pittsburgh,100,1,100,4
122999,5/15/2024,BF1544,Footwear,Male,26,Shoes,San Antonio,9,1,9,4
140907,8/20/2024,BF1548,Outerwear,Male,31,Jacket,Montreal,65,1,90,1
171094,9/7/2024,BF1551,Accessories,Male,32,Backpack,Pittsburgh,15,1,15,5
139919,12/15/2023,BF1550,Garment,Male,32,Jeans,Sacramento,97,1,97,5
188297,3/21/2024,BF1548,Outerwear,Male,30,Jacket,Portland,65,1,65,4
149759,8/31/2024,BF1553,Accessories,Male,33,Sunglasses,Montreal,50,5,375,3
170488,3/13/2024,BF1551,Accessories,Male,30,Gloves,Manchester,15,1,55,4
161200,12/17/2023,BF1548,Outerwear,Male,29,Jacket,San Francisco,65,5,325,2
178294,7/29/2024,BF1551,Garment,Female,21,T-shirt,Paris,15,1,65,4
142213,9/15/2024,BF1544,Footwear,Female,25,Sandals,New York,9,3,27,1
197716,8/28/2024,BF1548,Garment,Male,33,Shorts,Cleveland,65,1,65,3
126823,9/10/2024,BF1551,Accessories,Male,24,Handbag,Montreal,15,1,40,3
151161,6/23/2024,BF1548,Garment,Male,28,Pants,Manchester,65,5,525,1
169221,1/12/2024,BF1548,Garment,Male,29,Blouse,San Antonio,65,1,65,4
169772,8/28/2024,BF1548,Footwear,Male,25,Shoes,Toronto,65,3,270,4
134040,12/22/2023,BF1543,Accessories,Male,21,Backpack,Sacramento,100,1,100,4
127558,9/3/2024,BF1551,Footwear,Male,24,Shoes,Manchester,15,1,55,3
194116,9/20/2024,BF1546,Garment,Male,27,Dress,Austin,118,2,236,3
173694,4/26/2024,BF1546,Garment,Male,20,Skirt,Memphis,118,1,118,4
156932,5/16/2024,BF1551,Outerwear,Male,20,Jacket,Austin,15,2,30,1
129222,4/28/2024,BF1554,Garment,Male,24,Shirt,New York,20,3,60,4
162676,1/27/2024,BF1553,Garment,Female,28,Hoodie,Cleveland,50,1,50,5
161746,3/1/2024,BF1548,Accessories,Male,24,Scarf,Mumbai,65,1,135,4
172766,4/23/2024,BF1551,Garment,Male,25,Skirt,Sydney,15,3,345,1
133252,1/8/2024,BF1544,Garment,Male,33,Skirt,New Jersey,9,1,9,3
163646,8/3/2024,BF1545,Accessories,Male,28,Scarf,Cleveland,10,1,10,3
168825,1/17/2024,BF1549,Accessories,Female,33,Sunglasses,Pittsburgh,130,1,130,5
143701,1/30/2024,BF1555,Footwear,Male,24,Sandals,San Francisco,23,1,23,5
155844,12/26/2023,BF1550,Garment,Male,23,Hoodie,London,97,2,274,5
170898,9/2/2024,BF1548,Outerwear,Male,32,Jacket,Toronto,65,1,90,5
143617,2/22/2024,BF1547,Garment,Male,31,Pants,New York,32,1,32,4
192821,12/25/2023,BF1544,Garment,Male,23,Shirt,Las Vegas,9,1,9,4
173250,6/23/2024,BF1551,Garment,Female,34,Blouse,Las Vegas,15,1,15,3
182764,8/17/2024,BF1543,Garment,Male,22,Skirt,New Delhi,100,1,170,2
129407,7/26/2024,BF1552,Accessories,Male,34,Sunglasses,Austin,45,3,135,4
156943,10/5/2024,BF1549,Accessories,Male,26,Belt,Cleveland,130,1,130,2
190545,8/25/2024,BF1554,Accessories,Male,32,Gloves,Sacramento,20,1,20,4
171568,9/4/2024,BF1551,Garment,Female,33,Pants,San Francisco,15,1,15,3
135083,1/28/2024,BF1548,Accessories,Female,30,Scarf,Las Vegas,65,2,130,1
132635,10/19/2024,BF1548,Garment,Female,28,T-shirt,Sacramento,65,1,65,2
166359,9/24/2024,BF1548,Footwear,Male,23,Shoes,Austin,65,4,260,3
121707,7/20/2024,BF1553,Garment,Female,22,Pants,Portland,50,1,50,3
198934,4/2/2024,BF1551,Accessories,Female,25,Gloves,Portland,15,1,15,1
144799,6/25/2024,BF1549,Garment,Male,24,Socks,Pittsburgh,130,1,130,5
147384,10/15/2024,BF1553,Footwear,Female,29,Sneakers,Sacramento,50,2,100,5
175911,9/6/2024,BF1545,Garment,Male,23,Shorts,Toronto,10,1,35,5
184584,12/10/2023,BF1554,Garment,Male,30,Blouse,New Jersey,20,3,60,4
124220,12/5/2023,BF1545,Outerwear,Male,30,Coat,San Francisco,10,5,50,5
168882,5/1/2024,BF1551,Accessories,Female,20,Sunglasses,Detroit,15,1,15,2
149894,4/16/2024,BF1548,Garment,Male,18,Shorts,Memphis,65,1,65,1
127407,7/21/2024,BF1555,Garment,Female,25,Dress,Toronto,23,1,48,5
140763,4/9/2024,BF1548,Accessories,Male,32,Handbag,Miami,65,5,325,3
136043,11/25/2023,BF1547,Footwear,Male,20,Boots,Manchester,32,1,72,1
197560,12/31/2023,BF1548,Garment,Male,25,Pants,Sacramento,65,1,65,5
155280,3/23/2024,BF1553,Footwear,Male,27,Boots,Detroit,50,1,50,4
164123,8/28/2024,BF1551,Garment,Female,35,Skirt,Portland,15,1,15,3
141391,12/29/2023,BF1546,Footwear,Female,20,Sneakers,Manchester,118,1,158,2
177500,11/5/2023,BF1551,Accessories,Male,32,Jewelry,Glasgow,15,1,55,5
156327,2/2/2024,BF1549,Garment,Male,19,T-shirt,Pittsburgh,130,1,130,5
184921,10/8/2024,BF1554,Footwear,Female,26,Sandals,New Jersey,20,1,20,2
131969,8/29/2024,BF1543,Footwear,Female,33,Boots,Sacramento,100,1,100,5
183434,11/14/2023,BF1548,Outerwear,Female,22,Coat,Miami,65,1,65,4
158892,11/29/2023,BF1545,Accessories,Male,33,Belt,Pittsburgh,10,1,10,5
179922,11/21/2023,BF1551,Accessories,Male,30,Sunglasses,Portland,15,1,15,3
152381,9/12/2024,BF1549,Footwear,Male,28,Sandals,Cleveland,130,1,130,2
130677,1/25/2024,BF1548,Footwear,Female,19,Boots,Mumbai,65,1,135,3
182153,1/27/2024,BF1552,Garment,Male,23,Hoodie,Sacramento,45,1,45,2
178596,11/6/2023,BF1548,Accessories,Female,33,Hat,Las Vegas,65,3,195,2
197743,10/16/2024,BF1543,Garment,Male,34,Shorts,Miami,100,1,100,1
164752,6/12/2024,BF1553,Accessories,Female,30,Backpack,Dublin,50,3,270,5
126568,11/27/2023,BF1553,Garment,Male,23,Shorts,Cleveland,50,2,100,3
131334,2/8/2024,BF1548,Accessories,Male,35,Belt,Toronto,65,2,180,5
127726,2/9/2024,BF1544,Garment,Male,22,Shorts,New York,9,1,9,4
196678,9/29/2024,BF1544,Garment,Female,31,Socks,Sacramento,9,1,9,4
148547,8/30/2024,BF1554,Footwear,Female,20,Shoes,Miami,20,1,20,3
176419,10/16/2024,BF1551,Footwear,Male,19,Sneakers,Toronto,15,2,80,1
184288,4/15/2024,BF1551,Accessories,Female,32,Backpack,Cardiff,15,2,110,2
162322,12/4/2023,BF1551,Garment,Male,19,Dress,Paris,15,1,65,5
145519,1/31/2024,BF1551,Footwear,Male,22,Boots,San Francisco,15,1,15,4
164812,8/11/2024,BF1551,Garment,Male,23,Socks,New York,15,4,60,4
163532,10/3/2024,BF1548,Garment,Male,31,Dress,Dublin,65,2,210,5
183031,6/8/2024,BF1543,Accessories,Male,28,Handbag,Miami,100,1,100,5
177470,12/22/2023,BF1552,Garment,Male,35,Blouse,Las Vegas,45,1,45,5
188570,6/11/2024,BF1544,Accessories,Female,30,Belt,New Jersey,9,5,45,5
142452,3/3/2024,BF1547,Garment,Female,34,Pants,New Jersey,32,1,32,3
178754,11/8/2023,BF1550,Footwear,Male,19,Sneakers,London,97,1,137,4
128820,2/15/2024,BF1551,Footwear,Male,35,Boots,Portland,15,2,30,5
143606,3/8/2024,BF1554,Accessories,Female,26,Sunglasses,Detroit,20,1,20,4
148570,7/13/2024,BF1551,Accessories,Female,30,Hat,New Delhi,15,1,85,5
148202,1/13/2024,BF1544,Outerwear,Female,24,Coat,Sacramento,9,1,9,3
124428,2/12/2024,BF1553,Outerwear,Male,35,Jacket,New York,50,1,50,5
172853,4/23/2024,BF1543,Garment,Female,18,Hoodie,Paris,100,1,150,3
145819,4/2/2024,BF1548,Footwear,Male,25,Boots,San Francisco,65,5,325,5
189614,4/28/2024,BF1548,Garment,Male,22,T-shirt,Cleveland,65,2,130,5
136842,9/4/2024,BF1547,Garment,Male,32,Sweater,Cardiff,32,3,216,3
190014,7/22/2024,BF1544,Footwear,Female,24,Shoes,Memphis,9,1,9,5
121639,3/23/2024,BF1548,Accessories,Male,18,Scarf,Portland,65,1,65,1
162521,4/21/2024,BF1551,Garment,Female,23,Dress,Las Vegas,15,1,15,4
123644,5/17/2024,BF1544,Outerwear,Female,30,Jacket,Montreal,9,1,34,5
178441,4/17/2024,BF1545,Footwear,Female,25,Shoes,New Jersey,10,2,20,5
175397,3/28/2024,BF1554,Accessories,Male,28,Backpack,Detroit,20,2,40,1
160832,6/16/2024,BF1546,Garment,Male,18,Dress,Cardiff,118,2,316,4
175828,3/20/2024,BF1550,Garment,Male,27,Shirt,Liverpool,97,1,137,3
131254,1/16/2024,BF1548,Outerwear,Male,20,Jacket,Sacramento,65,1,65,4
134426,2/11/2024,BF1545,Accessories,Male,30,Sunglasses,London,10,3,150,1
161311,5/10/2024,BF1548,Outerwear,Female,32,Jacket,Paris,65,1,115,4
132975,3/13/2024,BF1546,Outerwear,Female,28,Coat,New York,118,1,118,4
152714,12/26/2023,BF1544,Garment,Female,23,Sweater,Portland,9,1,9,5
157379,3/22/2024,BF1543,Footwear,Male,28,Sneakers,Pittsburgh,100,1,100,5
123970,1/20/2024,BF1552,Footwear,Male,18,Shoes,Sacramento,45,2,90,5
151211,5/18/2024,BF1548,Accessories,Male,21,Sunglasses,Portland,65,2,130,1
155123,6/4/2024,BF1551,Garment,Female,26,Shorts,Detroit,15,2,30,4
149859,12/26/2023,BF1544,Garment,Female,35,Hoodie,Memphis,9,5,45,5
180415,12/4/2023,BF1551,Accessories,Male,21,Scarf,New York,15,3,45,1
133368,6/3/2024,BF1548,Footwear,Female,27,Sandals,San Francisco,65,1,65,4
183448,7/20/2024,BF1554,Accessories,Male,29,Hat,Cardiff,20,4,240,4
178262,3/27/2024,BF1548,Footwear,Female,28,Shoes,New Jersey,65,3,195,4
159634,7/20/2024,BF1548,Footwear,Male,22,Sneakers,New York,65,5,325,4
198762,4/28/2024,BF1544,Accessories,Female,35,Backpack,Cleveland,9,1,9,5
162903,1/17/2024,BF1548,Accessories,Female,35,Belt,New York,65,1,65,4
133415,4/15/2024,BF1547,Garment,Male,35,Shirt,Detroit,32,3,96,3
155582,7/30/2024,BF1543,Garment,Female,26,Skirt,Portland,100,1,100,1
174778,4/10/2024,BF1544,Accessories,Male,35,Gloves,Manchester,9,1,49,3
157433,4/13/2024,BF1550,Accessories,Female,25,Gloves,Las Vegas,97,1,97,4
150074,9/20/2024,BF1545,Accessories,Male,20,Handbag,Las Vegas,10,2,20,4
171871,5/16/2024,BF1550,Garment,Female,20,Socks,Cardiff,97,1,137,5
187675,11/23/2023,BF1548,Accessories,Female,20,Backpack,Dublin,65,1,105,4
168041,10/3/2024,BF1548,Garment,Female,27,Jeans,Sacramento,65,1,65,5
126838,5/5/2024,BF1554,Garment,Female,28,Skirt,Detroit,20,1,20,5
151938,7/31/2024,BF1543,Garment,Male,20,Hoodie,Miami,100,1,100,4
120664,4/17/2024,BF1544,Accessories,Male,29,Jewelry,Miami,9,2,18,4
128876,7/9/2024,BF1544,Footwear,Male,19,Sneakers,Montreal,9,1,34,5
148278,2/18/2024,BF1543,Garment,Male,35,Shirt,Manchester,100,5,700,5
137253,1/1/2024,BF1548,Accessories,Male,34,Sunglasses,New Jersey,65,1,65,5
189510,9/13/2024,BF1548,Garment,Male,33,Dress,Mumbai,65,2,270,3
135016,3/6/2024,BF1551,Footwear,Male,20,Shoes,Portland,15,2,30,5
145950,6/28/2024,BF1551,Accessories,Male,31,Belt,Toronto,15,2,80,4
129272,3/2/2024,BF1550,Garment,Male,31,Shirt,Dublin,97,1,137,1
136522,1/24/2024,BF1545,Footwear,Male,31,Boots,Detroit,10,2,20,4
129003,3/13/2024,BF1550,Garment,Female,35,Hoodie,Glasgow,97,1,137,1
157092,6/23/2024,BF1546,Garment,Male,28,Jeans,Austin,118,1,118,2
147141,4/25/2024,BF1544,Outerwear,Female,18,Jacket,Cleveland,9,1,9,1
143993,10/25/2024,BF1543,Outerwear,Male,21,Jacket,Manchester,100,1,140,3
127108,2/9/2024,BF1543,Footwear,Male,35,Sandals,Toronto,100,2,250,2
126038,5/23/2024,BF1551,Garment,Male,31,Dress,Cleveland,15,2,30,4
148353,1/21/2024,BF1550,Garment,Male,20,Sweater,San Francisco,97,2,194,5
158504,6/22/2024,BF1543,Accessories,Male,30,Gloves,San Francisco,100,1,100,1
139601,7/11/2024,BF1550,Accessories,Male,20,Sunglasses,Detroit,97,1,97,1
199526,9/30/2024,BF1545,Accessories,Male,23,Belt,Cleveland,10,1,10,4
178100,5/13/2024,BF1550,Accessories,Male,24,Hat,Liverpool,97,1,137,3
121734,3/24/2024,BF1548,Accessories,Male,30,Hat,New York,65,1,65,4
188775,7/12/2024,BF1544,Garment,Male,22,Blouse,Dublin,9,4,196,5
198611,5/9/2024,BF1546,Footwear,Male,25,Shoes,Sacramento,118,1,118,4
133111,8/20/2024,BF1543,Garment,Male,35,Skirt,Las Vegas,100,1,100,3
139389,1/8/2024,BF1552,Footwear,Female,32,Sneakers,London,45,2,170,1
177423,12/21/2023,BF1548,Garment,Female,18,T-shirt,New Delhi,65,1,135,4
177169,4/23/2024,BF1548,Accessories,Male,18,Handbag,Liverpool,65,1,105,3
197658,7/6/2024,BF1545,Garment,Male,33,Sweater,Pittsburgh,10,1,10,3
138819,1/17/2024,BF1552,Accessories,Male,30,Gloves,Detroit,45,4,180,4
162061,1/20/2024,BF1548,Garment,Male,20,Dress,Cleveland,65,2,130,4
154036,12/13/2023,BF1545,Garment,Male,35,Dress,Memphis,10,1,10,2
177481,11/19/2023,BF1548,Garment,Male,18,Blouse,Paris,65,1,115,5
179596,4/1/2024,BF1543,Garment,Female,18,Shirt,Cleveland,100,3,300,5
176174,7/6/2024,BF1550,Footwear,Male,21,Boots,Paris,97,1,147,4
193351,8/21/2024,BF1547,Outerwear,Male,22,Jacket,New Jersey,32,1,32,1
188114,8/10/2024,BF1548,Accessories,Female,23,Backpack,Austin,65,3,195,4
164623,9/15/2024,BF1544,Garment,Male,29,Pants,New York,9,1,9,4
127060,7/30/2024,BF1550,Footwear,Female,32,Boots,San Antonio,97,2,194,5
161107,4/23/2024,BF1546,Garment,Female,35,Socks,Austin,118,1,118,1
175922,10/22/2024,BF1548,Accessories,Female,26,Scarf,Sacramento,65,1,65,4
143810,5/28/2024,BF1543,Garment,Female,27,Blouse,Las Vegas,100,5,500,4
170912,12/19/2023,BF1549,Accessories,Male,34,Belt,Detroit,130,1,130,1
156388,7/23/2024,BF1545,Accessories,Male,34,Sunglasses,San Antonio,10,3,30,4
188091,8/30/2024,BF1545,Footwear,Male,22,Boots,Detroit,10,1,10,5
184790,11/22/2023,BF1551,Footwear,Male,24,Sandals,New York,15,2,30,4
187497,9/9/2024,BF1548,Accessories,Male,35,Gloves,Manchester,65,1,105,4
126313,5/26/2024,BF1548,Garment,Male,21,Skirt,Dublin,65,1,105,3
168935,8/10/2024,BF1550,Garment,Male,18,Skirt,San Francisco,97,1,97,5
183528,1/28/2024,BF1551,Garment,Male,31,Blouse,Miami,15,2,30,2
191913,5/23/2024,BF1548,Accessories,Male,19,Handbag,Dublin,65,1,105,3
193251,5/22/2024,BF1551,Footwear,Male,19,Boots,New Jersey,15,1,15,4
122665,2/7/2024,BF1547,Footwear,Male,19,Boots,Glasgow,32,3,216,1
184647,3/17/2024,BF1547,Garment,Male,33,Sweater,San Antonio,32,1,32,4
151408,7/27/2024,BF1551,Garment,Male,18,Socks,New Jersey,15,1,15,2
128151,2/13/2024,BF1548,Accessories,Female,19,Gloves,Las Vegas,65,4,260,5
142664,9/26/2024,BF1547,Garment,Female,25,Shorts,Las Vegas,32,1,32,4
146263,5/17/2024,BF1548,Footwear,Female,34,Boots,Pittsburgh,65,1,65,4
138327,5/29/2024,BF1551,Outerwear,Male,26,Jacket,Pittsburgh,15,4,60,5
149490,12/30/2023,BF1553,Accessories,Female,18,Scarf,San Antonio,50,1,50,5
140496,1/22/2024,BF1547,Outerwear,Male,31,Jacket,Las Vegas,32,1,32,4
140450,12/26/2023,BF1548,Accessories,Male,20,Jewelry,Dublin,65,1,105,2
174477,12/16/2023,BF1554,Garment,Male,33,Hoodie,Cardiff,20,2,120,5
124298,3/5/2024,BF1544,Garment,Male,22,T-shirt,Las Vegas,9,2,18,4
137444,2/20/2024,BF1547,Garment,Male,27,Shirt,Sacramento,32,1,32,4
135119,9/29/2024,BF1551,Garment,Male,22,Shirt,Portland,15,1,15,3
144236,8/26/2024,BF1543,Outerwear,Male,32,Coat,Sacramento,100,1,100,4
180384,5/20/2024,BF1549,Garment,Female,29,T-shirt,Memphis,130,3,390,5
182766,2/18/2024,BF1547,Garment,Male,32,Hoodie,San Francisco,32,1,32,1
196360,5/10/2024,BF1548,Accessories,Male,30,Sunglasses,Memphis,65,2,130,2
120973,2/15/2024,BF1551,Garment,Male,33,Blouse,Miami,15,4,60,3
143803,2/21/2024,BF1555,Garment,Female,29,Hoodie,New Jersey,23,1,23,4
126868,6/23/2024,BF1548,Garment,Male,29,Skirt,Las Vegas,65,1,65,2
173041,6/28/2024,BF1543,Garment,Male,28,Shorts,Las Vegas,100,1,100,3
146964,5/23/2024,BF1554,Garment,Male,20,Jeans,Montreal,20,3,135,4
154104,8/8/2024,BF1546,Outerwear,Male,30,Jacket,Dublin,118,1,158,4
157064,4/17/2024,BF1551,Garment,Male,33,Hoodie,Glasgow,15,1,55,5
187354,4/8/2024,BF1543,Garment,Male,24,Shirt,New York,100,1,100,4
152321,2/15/2024,BF1551,Garment,Male,20,T-shirt,New Jersey,15,3,45,5
141781,9/19/2024,BF1552,Garment,Male,28,Blouse,Detroit,45,1,45,5
156312,1/12/2024,BF1551,Garment,Male,34,Skirt,Cardiff,15,1,55,1
141233,12/26/2023,BF1550,Accessories,Male,20,Backpack,Paris,97,1,147,5
192468,4/12/2024,BF1551,Garment,Male,35,Shorts,Memphis,15,1,15,4
143140,6/12/2024,BF1551,Garment,Male,21,Shirt,Memphis,15,1,15,4
143397,1/1/2024,BF1544,Accessories,Female,35,Backpack,San Francisco,9,1,9,5
120706,4/11/2024,BF1552,Footwear,Male,34,Shoes,Cleveland,45,1,45,4
128227,1/8/2024,BF1548,Garment,Male,33,Skirt,Sacramento,65,2,130,3
180715,2/21/2024,BF1545,Garment,Male,24,Dress,Memphis,10,2,20,4
173461,7/8/2024,BF1548,Accessories,Male,24,Hat,Memphis,65,2,130,5
129425,10/11/2024,BF1544,Accessories,Male,35,Handbag,Portland,9,3,27,5
124928,2/26/2024,BF1552,Accessories,Male,33,Handbag,San Francisco,45,2,90,3
128630,5/1/2024,BF1547,Garment,Male,18,Blouse,Miami,32,1,32,1
178693,10/9/2024,BF1544,Accessories,Male,18,Scarf,New Jersey,9,1,9,5
150039,12/28/2023,BF1551,Accessories,Male,29,Jewelry,Mumbai,15,4,340,2
170184,10/7/2024,BF1552,Garment,Male,19,Skirt,Pittsburgh,45,1,45,4
151702,9/25/2024,BF1550,Garment,Male,30,Hoodie,Cleveland,97,1,97,1
169438,3/20/2024,BF1548,Accessories,Male,18,Scarf,San Antonio,65,2,130,4
156510,6/6/2024,BF1545,Garment,Male,27,Jeans,Portland,10,1,10,5
142678,4/14/2024,BF1550,Outerwear,Male,23,Jacket,New Jersey,97,1,97,3
134686,10/24/2024,BF1550,Garment,Male,34,T-shirt,San Francisco,97,1,97,4
177239,8/30/2024,BF1548,Garment,Female,19,Pants,Montreal,65,1,90,1
193616,5/15/2024,BF1552,Footwear,Male,34,Shoes,Manchester,45,1,85,4
143418,12/12/2023,BF1544,Outerwear,Male,29,Jacket,New York,9,1,9,3
190670,6/29/2024,BF1548,Accessories,Male,29,Scarf,New Delhi,65,4,540,1
164788,4/10/2024,BF1552,Garment,Female,24,T-shirt,Montreal,45,2,140,5
149153,7/8/2024,BF1548,Garment,Male,23,Dress,Miami,65,1,65,4
165130,8/11/2024,BF1548,Outerwear,Female,29,Coat,New Jersey,65,3,195,1
188156,2/5/2024,BF1548,Garment,Male,25,Sweater,Austin,65,2,130,4
179554,10/23/2024,BF1548,Accessories,Female,21,Hat,San Antonio,65,1,65,1
130673,7/15/2024,BF1544,Accessories,Female,20,Backpack,Glasgow,9,2,98,1
188225,7/18/2024,BF1543,Garment,Male,34,Socks,Pittsburgh,100,2,200,5
126779,3/13/2024,BF1550,Accessories,Male,29,Jewelry,Las Vegas,97,1,97,4
144792,8/3/2024,BF1548,Footwear,Female,30,Boots,Cleveland,65,1,65,5
173359,1/12/2024,BF1545,Outerwear,Male,21,Coat,Portland,10,1,10,5
169062,5/31/2024,BF1553,Garment,Male,32,Sweater,San Antonio,50,1,50,3
149269,11/19/2023,BF1553,Garment,Male,26,Blouse,New Delhi,50,4,480,3
132924,10/6/2024,BF1554,Accessories,Male,33,Belt,Memphis,20,2,40,3
146861,5/2/2024,BF1551,Accessories,Male,21,Hat,Mumbai,15,4,340,4
131139,6/12/2024,BF1554,Footwear,Male,18,Sandals,Portland,20,3,60,2
141811,2/6/2024,BF1543,Footwear,Female,18,Boots,Austin,100,1,100,2
164334,7/5/2024,BF1551,Outerwear,Female,28,Jacket,Austin,15,5,75,1
127222,7/12/2024,BF1545,Garment,Male,20,Dress,San Francisco,10,1,10,4
185824,10/10/2024,BF1552,Garment,Male,21,Jeans,New Jersey,45,1,45,4
122233,8/19/2024,BF1543,Garment,Male,34,Shorts,San Francisco,100,1,100,4
139741,12/24/2023,BF1548,Garment,Male,28,Shirt,Austin,65,1,65,4
186682,7/29/2024,BF1543,Outerwear,Male,29,Coat,Cleveland,100,1,100,3
169904,6/25/2024,BF1551,Outerwear,Female,23,Coat,New Jersey,15,1,15,4
128126,5/9/2024,BF1548,Garment,Male,19,T-shirt,Sacramento,65,3,195,3
136882,4/9/2024,BF1551,Garment,Male,25,Sweater,San Francisco,15,5,75,1
148112,5/24/2024,BF1553,Garment,Female,32,Skirt,New Delhi,50,1,120,4
140373,8/22/2024,BF1550,Garment,Female,31,Blouse,Mumbai,97,1,167,5
134452,1/2/2024,BF1551,Footwear,Female,32,Sneakers,London,15,4,220,2
181379,1/30/2024,BF1554,Accessories,Male,19,Backpack,Pittsburgh,20,3,60,3
166031,9/18/2024,BF1549,Garment,Female,29,Socks,Dublin,130,3,510,5
194411,2/20/2024,BF1549,Accessories,Female,29,Jewelry,Montreal,130,1,155,5
197896,12/18/2023,BF1554,Garment,Male,24,Shorts,San Antonio,20,1,20,5
169703,4/20/2024,BF1544,Accessories,Male,18,Jewelry,New Jersey,9,1,9,5
158143,6/6/2024,BF1545,Garment,Male,33,Sweater,Paris,10,4,240,4
135327,12/29/2023,BF1550,Garment,Male,34,Shirt,Cleveland,97,1,97,1
191886,1/12/2024,BF1551,Garment,Female,29,Pants,San Francisco,15,1,15,4
138298,10/2/2024,BF1554,Garment,Female,35,Hoodie,Portland,20,1,20,4
194292,9/23/2024,BF1550,Garment,Male,21,Socks,San Francisco,97,5,485,4
198050,2/15/2024,BF1543,Garment,Female,27,Dress,Glasgow,100,1,140,3
181032,5/18/2024,BF1545,Garment,Female,19,Blouse,San Antonio,10,2,20,5
122686,11/15/2023,BF1544,Garment,Male,23,Skirt,Dublin,9,4,196,3
168716,1/18/2024,BF1548,Accessories,Male,27,Backpack,London,65,1,105,2
146075,11/14/2023,BF1550,Garment,Male,23,Blouse,San Francisco,97,1,97,4
198620,10/13/2024,BF1543,Garment,Male,33,Socks,San Francisco,100,1,100,4
142485,2/20/2024,BF1554,Footwear,Male,19,Boots,Detroit,20,1,20,4
150000,4/30/2024,BF1549,Accessories,Male,34,Backpack,Sacramento,130,4,520,1
174740,1/23/2024,BF1543,Accessories,Male,30,Hat,San Francisco,100,5,500,2
152663,9/8/2024,BF1545,Footwear,Male,32,Sandals,Detroit,10,4,40,5
166029,10/14/2024,BF1550,Garment,Male,34,Hoodie,Glasgow,97,1,137,3
188651,4/4/2024,BF1551,Accessories,Female,21,Sunglasses,Montreal,15,4,160,5
163758,7/17/2024,BF1551,Garment,Female,22,Jeans,Liverpool,15,1,55,3
197823,11/1/2024,BF1550,Garment,Male,18,T-shirt,San Antonio,97,1,97,1
126991,10/11/2024,BF1555,Garment,Male,23,Dress,Sydney,23,4,492,1
135677,8/5/2024,BF1548,Accessories,Male,29,Belt,San Antonio,65,1,65,4
190768,9/10/2024,BF1544,Accessories,Male,21,Jewelry,Memphis,9,1,9,1
180207,11/4/2024,BF1544,Garment,Male,33,Hoodie,Toronto,9,1,34,4
184435,1/31/2024,BF1548,Garment,Male,34,Blouse,New Jersey,65,4,260,2
152327,4/21/2024,BF1548,Outerwear,Male,28,Jacket,Cleveland,65,1,65,5
197888,12/2/2023,BF1544,Footwear,Male,23,Sneakers,Las Vegas,9,1,9,4
190867,12/24/2023,BF1548,Footwear,Male,23,Boots,Manchester,65,1,105,4
126970,8/3/2024,BF1548,Garment,Male,29,Blouse,Liverpool,65,2,210,4
163515,11/7/2023,BF1548,Garment,Male,23,Blouse,Sydney,65,1,165,2
140623,10/29/2024,BF1552,Footwear,Male,23,Boots,Sydney,45,2,290,4
143658,8/9/2024,BF1554,Accessories,Female,34,Scarf,Sydney,20,1,120,4
159575,6/17/2024,BF1548,Footwear,Male,33,Sandals,Detroit,65,1,65,1
187271,4/24/2024,BF1543,Accessories,Male,20,Sunglasses,Detroit,100,1,100,5
143345,10/18/2024,BF1544,Outerwear,Male,31,Coat,Detroit,9,1,9,3
183059,2/1/2024,BF1551,Accessories,Male,21,Sunglasses,Memphis,15,1,15,1
199938,9/2/2024,BF1544,Garment,Male,35,Blouse,New Jersey,9,1,9,4
186637,12/22/2023,BF1545,Accessories,Male,24,Backpack,New York,10,2,20,3
153547,9/29/2024,BF1547,Accessories,Female,22,Belt,Memphis,32,2,64,5
143415,10/7/2024,BF1543,Garment,Female,35,Socks,Las Vegas,100,3,300,4
192320,3/26/2024,BF1549,Footwear,Male,24,Shoes,Las Vegas,130,2,260,1
171047,6/7/2024,BF1550,Outerwear,Male,22,Coat,Sacramento,97,1,97,4
167771,2/4/2024,BF1548,Garment,Male,18,Sweater,Las Vegas,65,1,65,4
179616,7/8/2024,BF1548,Garment,Male,25,Shirt,San Francisco,65,4,260,4
150385,9/7/2024,BF1544,Garment,Male,28,Shorts,Cleveland,9,3,27,4
167779,3/18/2024,BF1544,Garment,Male,34,Shirt,Liverpool,9,3,147,4
129657,10/6/2024,BF1545,Accessories,Female,22,Sunglasses,Mumbai,10,4,320,2
176592,5/22/2024,BF1549,Footwear,Female,18,Shoes,Miami,130,3,390,2
146873,6/9/2024,BF1551,Accessories,Male,22,Sunglasses,Cleveland,15,1,15,4
166183,5/11/2024,BF1549,Accessories,Male,30,Handbag,Pittsburgh,130,3,390,5
145039,1/5/2024,BF1552,Accessories,Male,33,Sunglasses,Cardiff,45,1,85,1
173844,6/27/2024,BF1547,Garment,Female,31,Shirt,Memphis,32,1,32,2
133529,8/6/2024,BF1549,Garment,Male,19,Shirt,Portland,130,1,130,4
146217,11/17/2023,BF1545,Garment,Male,34,Sweater,Memphis,10,2,20,3
160714,6/2/2024,BF1544,Accessories,Female,31,Handbag,San Antonio,9,1,9,4
181366,1/21/2024,BF1548,Garment,Female,29,Shirt,San Francisco,65,3,195,2
166065,9/10/2024,BF1543,Accessories,Male,27,Jewelry,Las Vegas,100,3,300,4
170822,12/12/2023,BF1548,Garment,Female,26,Socks,Glasgow,65,2,210,4
174679,3/1/2024,BF1543,Garment,Male,35,T-shirt,San Antonio,100,1,100,4
129758,5/20/2024,BF1548,Accessories,Female,31,Jewelry,Toronto,65,1,90,4
162197,2/22/2024,BF1551,Accessories,Female,27,Backpack,New York,15,4,60,4
169968,2/15/2024,BF1549,Accessories,Female,33,Hat,New Delhi,130,2,400,4
122862,3/6/2024,BF1549,Accessories,Male,23,Gloves,Portland,130,1,130,2
137448,2/21/2024,BF1551,Footwear,Male,29,Sneakers,New Jersey,15,1,15,5
123886,3/14/2024,BF1547,Garment,Male,32,Skirt,Austin,32,3,96,4
180972,11/7/2023,BF1547,Accessories,Male,24,Handbag,New Jersey,32,3,96,1
120386,5/5/2024,BF1544,Accessories,Female,31,Sunglasses,Manchester,9,1,49,1
128351,4/1/2024,BF1548,Garment,Male,33,Sweater,Detroit,65,1,65,5
146050,1/11/2024,BF1548,Accessories,Male,34,Handbag,Cleveland,65,1,65,5
150100,2/19/2024,BF1551,Garment,Male,18,Skirt,New Jersey,15,1,15,4
120999,10/30/2024,BF1552,Garment,Male,31,Socks,Las Vegas,45,1,45,3
147626,6/27/2024,BF1550,Garment,Male,27,Shirt,Cleveland,97,3,291,3
121479,10/25/2024,BF1554,Footwear,Female,18,Sneakers,Manchester,20,3,180,4
177425,9/14/2024,BF1550,Accessories,Female,30,Belt,London,97,1,137,3
171387,1/2/2024,BF1554,Garment,Female,24,Pants,Pittsburgh,20,1,20,4
134982,12/16/2023,BF1553,Accessories,Female,33,Jewelry,Manchester,50,2,180,1
169589,10/9/2024,BF1547,Garment,Male,19,Pants,Dublin,32,2,144,1
137886,7/20/2024,BF1546,Accessories,Male,21,Jewelry,Pittsburgh,118,3,354,4
132253,8/8/2024,BF1552,Garment,Male,20,Jeans,Miami,45,1,45,4
165013,12/17/2023,BF1550,Accessories,Female,20,Scarf,Portland,97,2,194,4
144186,1/29/2024,BF1551,Accessories,Male,24,Belt,Pittsburgh,15,1,15,1
172945,2/10/2024,BF1545,Garment,Male,25,Dress,Dublin,10,1,50,5
158009,3/12/2024,BF1543,Garment,Male,21,T-shirt,Liverpool,100,1,140,5
127016,7/20/2024,BF1548,Footwear,Male,19,Boots,London,65,1,105,3
147599,2/18/2024,BF1544,Garment,Male,35,Dress,Montreal,9,4,136,4
140568,6/30/2024,BF1544,Accessories,Female,32,Jewelry,Manchester,9,2,98,4
164879,11/3/2024,BF1554,Garment,Female,25,Skirt,Sacramento,20,3,60,5
180177,10/22/2024,BF1544,Accessories,Male,34,Handbag,Austin,9,1,9,1
124242,10/17/2024,BF1545,Outerwear,Female,22,Coat,Detroit,10,1,10,5
129609,9/22/2024,BF1551,Garment,Male,24,Hoodie,Sydney,15,1,115,1
153630,9/24/2024,BF1553,Garment,Male,23,Pants,Toronto,50,1,75,3
152163,3/1/2024,BF1555,Footwear,Male,22,Boots,New Delhi,23,1,93,5
182647,9/16/2024,BF1548,Outerwear,Female,19,Coat,Austin,65,1,65,4
177331,7/12/2024,BF1551,Accessories,Female,23,Scarf,London,15,1,55,5
152725,3/14/2024,BF1544,Footwear,Female,32,Boots,Detroit,9,4,36,4
178802,9/28/2024,BF1546,Footwear,Male,18,Sneakers,Portland,118,1,118,5
158333,6/18/2024,BF1543,Garment,Male,20,Sweater,Sydney,100,1,200,2
180459,5/24/2024,BF1548,Accessories,Male,29,Belt,Las Vegas,65,2,130,4
160072,12/22/2023,BF1551,Accessories,Female,24,Jewelry,San Francisco,15,1,15,1
183352,5/17/2024,BF1548,Accessories,Male,29,Handbag,New Jersey,65,2,130,5
137210,2/11/2024,BF1551,Outerwear,Male,28,Jacket,Sydney,15,3,345,1
124917,1/12/2024,BF1546,Footwear,Male,22,Boots,New York,118,3,354,3
195281,8/25/2024,BF1548,Footwear,Male,29,Sneakers,Portland,65,1,65,5
179497,1/22/2024,BF1548,Accessories,Male,28,Scarf,Liverpool,65,2,210,1
199144,10/15/2024,BF1546,Outerwear,Female,22,Coat,Cardiff,118,1,158,2
156574,7/21/2024,BF1544,Garment,Male,24,Shorts,Toronto,9,1,34,1
120835,3/17/2024,BF1544,Garment,Male,28,Shorts,New Jersey,9,1,9,4
181078,6/20/2024,BF1551,Garment,Male,22,Jeans,San Antonio,15,1,15,4
126092,8/25/2024,BF1545,Accessories,Male,32,Gloves,Sacramento,10,1,10,1
182478,3/4/2024,BF1549,Garment,Male,19,Pants,San Francisco,130,5,650,1
195438,8/27/2024,BF1548,Garment,Female,26,Dress,Sacramento,65,3,195,5
151650,4/8/2024,BF1551,Garment,Female,19,Pants,New York,15,1,15,5
135078,7/18/2024,BF1543,Accessories,Male,22,Gloves,Dublin,100,1,140,4
155420,2/28/2024,BF1548,Accessories,Male,27,Belt,Detroit,65,1,65,3
142458,9/2/2024,BF1547,Accessories,Male,35,Belt,Sydney,32,1,132,4
185905,10/24/2024,BF1543,Garment,Female,29,Skirt,Pittsburgh,100,1,100,3
185345,11/6/2023,BF1554,Garment,Male,29,Socks,San Francisco,20,1,20,3
148857,5/10/2024,BF1548,Accessories,Male,27,Belt,Memphis,65,2,130,5
121107,6/2/2024,BF1546,Garment,Male,24,Shirt,San Antonio,118,1,118,2
188642,1/6/2024,BF1548,Garment,Female,21,Dress,San Antonio,65,3,195,2
178593,5/29/2024,BF1543,Garment,Male,29,Socks,New York,100,1,100,3
167243,2/27/2024,BF1547,Outerwear,Male,23,Jacket,Cleveland,32,1,32,3
165558,9/29/2024,BF1548,Garment,Male,19,Sweater,Paris,65,1,115,1
131809,5/5/2024,BF1555,Garment,Male,31,Jeans,Pittsburgh,23,1,23,4
158527,1/23/2024,BF1545,Accessories,Female,28,Jewelry,New Jersey,10,5,50,5
160077,11/24/2023,BF1545,Garment,Male,34,Sweater,San Francisco,10,4,40,4
130091,11/2/2024,BF1550,Garment,Male,18,Hoodie,Manchester,97,1,137,5
174350,6/8/2024,BF1545,Accessories,Male,25,Sunglasses,Pittsburgh,10,1,10,1
193964,2/29/2024,BF1545,Footwear,Male,30,Sandals,New Jersey,10,5,50,5
170891,3/22/2024,BF1545,Outerwear,Male,22,Coat,Sacramento,10,1,10,5
137041,2/21/2024,BF1548,Accessories,Female,22,Belt,San Francisco,65,1,65,5
155135,11/24/2023,BF1555,Garment,Male,26,Blouse,San Francisco,23,1,23,5
138687,8/28/2024,BF1543,Garment,Male,19,Skirt,Las Vegas,100,1,100,5
142743,9/4/2024,BF1552,Garment,Female,26,Shorts,Memphis,45,1,45,1
162465,3/17/2024,BF1544,Garment,Male,32,Dress,Paris,9,1,59,5
172953,3/26/2024,BF1548,Accessories,Male,32,Sunglasses,New Jersey,65,1,65,4
171574,9/13/2024,BF1543,Footwear,Male,21,Shoes,Detroit,100,1,100,4
170321,2/27/2024,BF1548,Accessories,Female,27,Belt,San Francisco,65,1,65,2
131168,2/6/2024,BF1555,Accessories,Male,23,Belt,New Jersey,23,1,23,5
138810,8/20/2024,BF1545,Accessories,Male,24,Belt,Montreal,10,2,70,4
175190,6/16/2024,BF1551,Accessories,Male,34,Belt,Paris,15,3,195,1
193670,5/28/2024,BF1551,Garment,Female,30,Skirt,Sacramento,15,1,15,5
137946,2/13/2024,BF1551,Garment,Female,29,T-shirt,Portland,15,1,15,5
198749,10/18/2024,BF1550,Accessories,Female,21,Scarf,San Antonio,97,1,97,4
159253,9/2/2024,BF1548,Garment,Female,19,Blouse,New York,65,5,325,3
139715,10/19/2024,BF1544,Accessories,Male,23,Sunglasses,Portland,9,1,9,3
134280,11/9/2023,BF1551,Footwear,Female,33,Boots,Portland,15,1,15,1
198003,7/22/2024,BF1547,Outerwear,Female,28,Jacket,Portland,32,1,32,4
158013,10/3/2024,BF1548,Garment,Male,24,Jeans,London,65,1,105,4
183544,12/12/2023,BF1545,Accessories,Female,21,Sunglasses,Detroit,10,1,10,4
152240,4/27/2024,BF1543,Footwear,Female,19,Sandals,Miami,100,3,300,1
151736,6/14/2024,BF1548,Accessories,Male,24,Backpack,Portland,65,1,65,5
122894,4/4/2024,BF1552,Garment,Male,24,Blouse,Montreal,45,1,70,3
144075,5/14/2024,BF1550,Footwear,Male,28,Shoes,New Jersey,97,1,97,4
182423,5/16/2024,BF1551,Garment,Male,25,Shirt,Portland,15,3,45,4
159846,3/12/2024,BF1543,Garment,Male,20,Hoodie,New York,100,5,500,5
142665,7/17/2024,BF1551,Garment,Female,25,Dress,Liverpool,15,2,110,1
146674,10/12/2024,BF1548,Garment,Male,30,Dress,New Jersey,65,5,325,2
138344,3/31/2024,BF1551,Footwear,Male,31,Sneakers,Paris,15,1,65,5
143378,9/28/2024,BF1548,Garment,Female,26,Blouse,Memphis,65,1,65,3
157353,8/11/2024,BF1549,Accessories,Female,27,Backpack,Miami,130,5,650,5
162755,11/1/2024,BF1549,Garment,Male,27,Sweater,Cleveland,130,1,130,4
188686,9/19/2024,BF1552,Footwear,Male,21,Boots,New York,45,5,225,5
144357,3/27/2024,BF1548,Accessories,Male,24,Handbag,San Antonio,65,1,65,5
169465,5/14/2024,BF1552,Garment,Male,32,Hoodie,Liverpool,45,1,85,1
170010,10/25/2024,BF1550,Accessories,Male,29,Belt,Las Vegas,97,1,97,5
120471,12/5/2023,BF1551,Accessories,Male,21,Jewelry,Dublin,15,2,110,4
169792,3/18/2024,BF1548,Garment,Male,29,Blouse,Manchester,65,1,105,4
147561,2/3/2024,BF1554,Accessories,Male,30,Handbag,Miami,20,1,20,1
182349,5/2/2024,BF1551,Accessories,Male,22,Handbag,Cardiff,15,2,110,4
174462,2/27/2024,BF1550,Outerwear,Male,21,Coat,Cleveland,97,1,97,4
175883,1/15/2024,BF1549,Accessories,Male,31,Belt,San Antonio,130,1,130,1
173447,3/22/2024,BF1548,Footwear,Male,29,Boots,San Antonio,65,1,65,3
181503,5/7/2024,BF1548,Garment,Female,20,Socks,Sacramento,65,1,65,5
184181,6/5/2024,BF1543,Footwear,Male,21,Shoes,Cardiff,100,1,140,5
198105,10/3/2024,BF1545,Footwear,Male,23,Sneakers,Glasgow,10,3,150,2
189782,7/26/2024,BF1548,Accessories,Male,35,Jewelry,New Jersey,65,1,65,2
197472,9/26/2024,BF1551,Accessories,Male,26,Handbag,San Antonio,15,1,15,3
125640,2/5/2024,BF1553,Outerwear,Male,32,Coat,Cleveland,50,3,150,5
191098,1/4/2024,BF1548,Accessories,Male,19,Sunglasses,Miami,65,1,65,5
137822,3/17/2024,BF1543,Footwear,Male,30,Shoes,Pittsburgh,100,2,200,5
147977,2/14/2024,BF1543,Footwear,Male,20,Shoes,Cleveland,100,1,100,4
193588,12/10/2023,BF1550,Footwear,Male,21,Boots,Dublin,97,3,411,5
136728,8/15/2024,BF1548,Footwear,Male,30,Sandals,Austin,65,1,65,3
159776,12/15/2023,BF1554,Accessories,Male,21,Gloves,Las Vegas,20,3,60,1
126911,10/2/2024,BF1545,Accessories,Male,26,Backpack,London,10,1,50,5
157017,9/27/2024,BF1554,Accessories,Female,23,Handbag,Cleveland,20,1,20,2
181028,10/5/2024,BF1552,Garment,Female,30,Sweater,Dublin,45,1,85,3
150648,3/9/2024,BF1544,Outerwear,Male,22,Coat,Pittsburgh,9,4,36,5
158077,7/9/2024,BF1552,Garment,Female,27,T-shirt,Liverpool,45,1,85,3
136780,1/9/2024,BF1543,Accessories,Male,26,Backpack,Mumbai,100,2,340,5
197625,6/10/2024,BF1550,Accessories,Male,31,Sunglasses,San Francisco,97,1,97,4
132771,5/4/2024,BF1551,Accessories,Male,32,Belt,Pittsburgh,15,4,60,4
181690,10/30/2024,BF1553,Outerwear,Male,24,Jacket,Austin,50,2,100,5
165611,3/24/2024,BF1551,Garment,Male,33,Skirt,Cardiff,15,1,55,1
186787,10/3/2024,BF1544,Accessories,Male,19,Belt,San Francisco,9,2,18,4
195201,1/8/2024,BF1551,Footwear,Male,33,Boots,Sydney,15,1,115,5
180245,11/3/2024,BF1548,Garment,Male,19,Jeans,Sacramento,65,3,195,4
169606,8/9/2024,BF1543,Footwear,Male,30,Shoes,Manchester,100,1,140,1
142065,10/28/2024,BF1544,Garment,Male,28,Sweater,Miami,9,1,9,3
178662,12/20/2023,BF1554,Accessories,Female,29,Jewelry,Pittsburgh,20,1,20,4
166862,6/14/2024,BF1551,Garment,Male,28,Shirt,Austin,15,1,15,1
125801,5/5/2024,BF1548,Footwear,Male,35,Boots,Montreal,65,3,270,2
160642,8/7/2024,BF1551,Garment,Male,21,Shorts,Cleveland,15,1,15,3
156165,10/27/2024,BF1544,Accessories,Male,32,Handbag,Paris,9,1,59,5
193984,9/13/2024,BF1552,Garment,Male,34,Sweater,Mumbai,45,1,115,5
145626,5/26/2024,BF1543,Accessories,Female,32,Belt,Miami,100,1,100,4
150536,7/1/2024,BF1548,Accessories,Female,26,Belt,Pittsburgh,65,1,65,1
136049,6/7/2024,BF1547,Garment,Female,20,Hoodie,Cleveland,32,2,64,2
125911,11/10/2023,BF1548,Footwear,Male,22,Sneakers,Memphis,65,1,65,4
170456,12/24/2023,BF1549,Garment,Female,35,T-shirt,New York,130,1,130,4
141406,1/22/2024,BF1551,Garment,Male,31,Pants,San Antonio,15,2,30,5
130051,11/4/2024,BF1545,Accessories,Male,31,Scarf,San Francisco,10,4,40,4
147137,3/29/2024,BF1549,Garment,Male,35,Sweater,Portland,130,3,390,1
120194,8/14/2024,BF1551,Accessories,Male,18,Handbag,Detroit,15,1,15,4
193861,9/15/2024,BF1548,Garment,Female,33,Shirt,New York,65,4,260,3
185925,11/24/2023,BF1552,Garment,Female,34,Dress,New York,45,2,90,1
167785,1/27/2024,BF1555,Footwear,Female,20,Sandals,Detroit,23,1,23,4
177736,6/17/2024,BF1552,Garment,Male,23,Shirt,Manchester,45,2,170,3
192457,2/12/2024,BF1548,Garment,Male,23,Dress,Manchester,65,1,105,3
125541,2/28/2024,BF1548,Accessories,Female,22,Sunglasses,Toronto,65,1,90,4
145432,3/20/2024,BF1548,Garment,Female,26,Socks,Sydney,65,1,165,5
144763,11/21/2023,BF1554,Footwear,Male,19,Sandals,Sacramento,20,3,60,5
123785,5/1/2024,BF1551,Accessories,Male,28,Hat,New York,15,2,30,4
170557,4/28/2024,BF1548,Garment,Male,19,Shirt,San Francisco,65,1,65,5
190104,8/3/2024,BF1548,Footwear,Male,35,Shoes,Portland,65,2,130,3
143498,7/26/2024,BF1552,Garment,Male,23,Pants,Las Vegas,45,2,90,1
179114,11/21/2023,BF1546,Garment,Male,20,Shirt,Memphis,118,1,118,4
196265,7/3/2024,BF1543,Accessories,Male,24,Hat,London,100,1,140,3
181915,11/15/2023,BF1552,Accessories,Male,18,Jewelry,San Antonio,45,2,90,5
196580,4/17/2024,BF1549,Outerwear,Male,30,Jacket,Cleveland,130,1,130,4
129927,6/26/2024,BF1543,Garment,Female,33,Shirt,Montreal,100,1,125,3
132627,5/6/2024,BF1544,Garment,Male,21,Pants,San Antonio,9,4,36,5
153454,5/17/2024,BF1543,Garment,Female,28,Skirt,Sydney,100,1,200,5
194656,12/13/2023,BF1552,Footwear,Female,19,Sandals,San Francisco,45,3,135,4
156473,10/14/2024,BF1544,Garment,Female,27,Blouse,Sacramento,9,1,9,5
125250,9/27/2024,BF1545,Garment,Male,28,Socks,Cleveland,10,2,20,3
136266,8/15/2024,BF1547,Outerwear,Female,25,Jacket,Glasgow,32,1,72,2
164568,12/30/2023,BF1548,Accessories,Male,30,Handbag,Miami,65,1,65,5
164711,12/17/2023,BF1543,Accessories,Female,31,Belt,Mumbai,100,2,340,3
132641,10/24/2024,BF1554,Garment,Female,29,Blouse,San Antonio,20,4,80,5
157041,9/16/2024,BF1555,Garment,Male,20,Shirt,Detroit,23,2,46,5
132475,10/24/2024,BF1543,Accessories,Female,30,Handbag,Austin,100,2,200,5
141853,9/27/2024,BF1544,Accessories,Female,28,Scarf,Memphis,9,1,9,1
175426,8/5/2024,BF1548,Outerwear,Female,29,Coat,Pittsburgh,65,1,65,2
145830,1/18/2024,BF1544,Garment,Female,32,Hoodie,New Delhi,9,1,79,4
127183,8/30/2024,BF1548,Garment,Female,18,Shorts,Sacramento,65,2,130,3
121745,5/8/2024,BF1548,Footwear,Female,18,Sandals,Mumbai,65,2,270,4
183856,6/13/2024,BF1543,Garment,Male,31,Shirt,Glasgow,100,1,140,5
192063,1/29/2024,BF1547,Garment,Female,31,Hoodie,Detroit,32,3,96,3
169768,12/4/2023,BF1554,Garment,Male,24,Socks,Manchester,20,1,60,4
199088,4/14/2024,BF1550,Accessories,Male,34,Handbag,Cleveland,97,1,97,3
148462,12/17/2023,BF1545,Accessories,Female,25,Jewelry,Pittsburgh,10,1,10,2
120691,11/23/2023,BF1550,Outerwear,Male,34,Coat,Liverpool,97,1,137,5
141442,9/6/2024,BF1551,Accessories,Male,30,Sunglasses,London,15,1,55,3
130923,10/14/2024,BF1554,Accessories,Female,19,Gloves,Pittsburgh,20,1,20,3
145321,5/20/2024,BF1554,Outerwear,Male,19,Jacket,New York,20,1,20,5
174642,7/1/2024,BF1554,Footwear,Female,27,Sandals,Detroit,20,2,40,5
128317,6/14/2024,BF1548,Garment,Female,22,Pants,Sydney,65,1,165,5
187527,7/9/2024,BF1548,Outerwear,Male,25,Jacket,Mumbai,65,1,135,4
187589,10/12/2024,BF1544,Garment,Male,23,Sweater,San Francisco,9,1,9,4
184451,2/21/2024,BF1548,Garment,Male,30,T-shirt,Cleveland,65,1,65,4
136272,3/22/2024,BF1551,Footwear,Male,33,Boots,Cleveland,15,1,15,4
142500,5/9/2024,BF1551,Footwear,Male,19,Shoes,Las Vegas,15,1,15,2
139626,5/2/2024,BF1551,Garment,Female,31,Skirt,San Antonio,15,1,15,5
161677,9/17/2024,BF1548,Outerwear,Male,24,Coat,Las Vegas,65,1,65,3
160850,12/8/2023,BF1548,Garment,Male,31,Blouse,Memphis,65,1,65,3
195800,7/7/2024,BF1550,Accessories,Male,31,Sunglasses,New Jersey,97,1,97,2
192615,9/11/2024,BF1549,Accessories,Male,19,Gloves,New Jersey,130,2,260,2
152248,4/22/2024,BF1550,Accessories,Male,34,Sunglasses,Las Vegas,97,2,194,2
185566,6/25/2024,BF1550,Footwear,Male,34,Sneakers,Sacramento,97,3,291,4
137909,10/22/2024,BF1554,Garment,Male,18,Hoodie,Las Vegas,20,2,40,4
192590,8/26/2024,BF1544,Footwear,Male,23,Boots,Mumbai,9,1,79,4
149011,2/4/2024,BF1543,Accessories,Female,19,Handbag,Manchester,100,1,140,5
168769,1/16/2024,BF1544,Garment,Female,30,Shirt,Pittsburgh,9,1,9,1
170486,4/17/2024,BF1548,Garment,Male,26,Sweater,New York,65,2,130,5
177612,9/22/2024,BF1548,Garment,Male,18,Shorts,Memphis,65,1,65,3
127861,4/9/2024,BF1552,Accessories,Female,29,Belt,Portland,45,4,180,5
183026,8/24/2024,BF1553,Garment,Female,18,Blouse,San Francisco,50,5,250,4
132009,6/30/2024,BF1550,Garment,Male,19,T-shirt,Detroit,97,1,97,4
171081,4/28/2024,BF1551,Accessories,Female,18,Belt,Paris,15,1,65,5
168216,12/7/2023,BF1554,Garment,Male,26,Socks,Sydney,20,2,240,2
139491,3/14/2024,BF1548,Accessories,Male,29,Belt,Pittsburgh,65,1,65,3
181900,3/26/2024,BF1551,Accessories,Male,24,Handbag,San Antonio,15,1,15,2
196883,6/29/2024,BF1544,Garment,Male,18,Shirt,San Antonio,9,1,9,4
142972,7/18/2024,BF1548,Accessories,Female,21,Belt,Portland,65,2,130,3
171114,10/9/2024,BF1548,Accessories,Female,31,Jewelry,New York,65,1,65,5
168295,6/17/2024,BF1546,Accessories,Male,35,Hat,San Antonio,118,1,118,3
160624,5/20/2024,BF1548,Accessories,Male,35,Backpack,Austin,65,1,65,5
138669,9/25/2024,BF1549,Garment,Female,30,Dress,Cleveland,130,1,130,4
150449,4/16/2024,BF1548,Footwear,Male,21,Shoes,Miami,65,2,130,4
152341,4/16/2024,BF1548,Garment,Male,19,Pants,Austin,65,3,195,5
184164,10/13/2024,BF1547,Garment,Female,25,Dress,Las Vegas,32,2,64,2
185974,11/19/2023,BF1548,Outerwear,Female,35,Jacket,New Jersey,65,1,65,5
169521,9/28/2024,BF1550,Garment,Male,24,Shirt,New York,97,1,97,5
184236,12/2/2023,BF1551,Garment,Female,23,Dress,Portland,15,1,15,1
128117,8/13/2024,BF1550,Garment,Female,25,Jeans,New Delhi,97,2,334,4
142838,1/28/2024,BF1543,Garment,Male,23,T-shirt,Manchester,100,1,140,3
155870,12/20/2023,BF1553,Accessories,Male,30,Sunglasses,San Antonio,50,1,50,1
186481,8/25/2024,BF1550,Accessories,Male,22,Jewelry,Mumbai,97,1,167,1
166205,3/1/2024,BF1553,Garment,Male,25,Socks,Cardiff,50,1,90,4
154344,12/8/2023,BF1543,Garment,Female,31,Skirt,Austin,100,1,100,2
198360,4/21/2024,BF1545,Garment,Female,34,Pants,Toronto,10,4,140,3
174509,9/26/2024,BF1553,Garment,Female,30,Socks,Cleveland,50,1,50,4
163454,3/4/2024,BF1553,Footwear,Male,23,Sandals,New Jersey,50,1,50,2
137115,2/20/2024,BF1549,Accessories,Male,35,Belt,Sacramento,130,1,130,2
167143,5/10/2024,BF1548,Footwear,Male,18,Sandals,Las Vegas,65,1,65,3
154129,10/25/2024,BF1544,Garment,Male,30,Shorts,Glasgow,9,3,147,1
124657,2/29/2024,BF1550,Accessories,Male,32,Handbag,Pittsburgh,97,1,97,1
195790,3/10/2024,BF1545,Outerwear,Female,34,Jacket,Austin,10,3,30,5
120938,11/27/2023,BF1548,Accessories,Male,22,Sunglasses,New York,65,1,65,2
183498,11/21/2023,BF1543,Footwear,Male,20,Sneakers,Austin,100,1,100,1
123702,6/4/2024,BF1548,Garment,Female,34,Sweater,Paris,65,1,115,4
132298,2/16/2024,BF1543,Garment,Female,32,Skirt,Portland,100,3,300,2
162932,8/13/2024,BF1547,Accessories,Male,21,Jewelry,Paris,32,1,82,5
197085,5/7/2024,BF1545,Garment,Male,25,Blouse,New Jersey,10,2,20,1
195817,6/17/2024,BF1548,Garment,Female,32,Blouse,Glasgow,65,2,210,5
140177,1/19/2024,BF1544,Footwear,Male,19,Boots,Detroit,9,1,9,3
128328,6/11/2024,BF1544,Garment,Male,24,Jeans,San Antonio,9,1,9,1
178983,10/30/2024,BF1551,Garment,Male,34,Hoodie,Portland,15,1,15,1
148846,8/18/2024,BF1545,Garment,Male,23,Sweater,Mumbai,10,1,80,4
170474,8/3/2024,BF1550,Accessories,Male,24,Gloves,London,97,1,137,5
151224,1/31/2024,BF1548,Footwear,Female,22,Sneakers,Sacramento,65,4,260,2
144774,12/31/2023,BF1548,Accessories,Male,23,Sunglasses,Las Vegas,65,1,65,3
189317,8/20/2024,BF1543,Accessories,Female,25,Belt,Miami,100,1,100,5
145880,6/24/2024,BF1545,Garment,Female,20,Sweater,San Antonio,10,1,10,1
195029,9/5/2024,BF1545,Accessories,Male,24,Gloves,Portland,10,1,10,5
166556,2/1/2024,BF1548,Accessories,Male,26,Handbag,New York,65,1,65,5
169298,11/26/2023,BF1552,Garment,Male,33,Socks,Portland,45,1,45,5
151132,2/3/2024,BF1549,Garment,Male,25,Pants,Miami,130,1,130,3
156910,4/18/2024,BF1548,Accessories,Male,21,Scarf,Memphis,65,3,195,1
172449,6/6/2024,BF1548,Outerwear,Male,35,Coat,New York,65,3,195,1
179164,3/26/2024,BF1551,Outerwear,Male,22,Jacket,Montreal,15,1,40,5
132566,12/26/2023,BF1548,Garment,Male,27,Hoodie,Cardiff,65,1,105,4
129692,9/29/2024,BF1554,Footwear,Male,29,Boots,Liverpool,20,2,120,2
167092,5/18/2024,BF1548,Garment,Female,24,Socks,Paris,65,1,115,4
152045,11/13/2023,BF1550,Accessories,Male,18,Jewelry,Cleveland,97,1,97,1
137011,1/20/2024,BF1548,Footwear,Female,20,Shoes,Miami,65,1,65,5
164136,1/6/2024,BF1543,Garment,Male,33,Socks,San Francisco,100,1,100,4
130761,8/9/2024,BF1544,Garment,Male,20,Pants,San Francisco,9,1,9,3
129347,11/6/2023,BF1548,Footwear,Male,28,Sneakers,Sacramento,65,1,65,4
137304,3/20/2024,BF1550,Accessories,Male,34,Sunglasses,Miami,97,1,97,2
141498,9/24/2024,BF1549,Garment,Female,27,Skirt,Portland,130,1,130,5
178741,12/2/2023,BF1545,Outerwear,Female,20,Coat,Pittsburgh,10,1,10,2
144209,8/23/2024,BF1551,Garment,Male,33,Hoodie,San Francisco,15,2,30,5
132217,7/20/2024,BF1550,Accessories,Male,20,Sunglasses,Pittsburgh,97,1,97,5
159734,2/24/2024,BF1554,Garment,Female,33,Skirt,Las Vegas,20,1,20,5
145274,10/18/2024,BF1548,Outerwear,Male,23,Coat,San Francisco,65,2,130,5
160607,4/11/2024,BF1545,Accessories,Male,21,Handbag,Sydney,10,1,110,4
182991,10/5/2024,BF1549,Garment,Male,19,T-shirt,New Delhi,130,1,200,5
132836,12/13/2023,BF1552,Accessories,Male,33,Sunglasses,Sydney,45,1,145,4
125262,3/19/2024,BF1551,Garment,Female,26,Shirt,Glasgow,15,1,55,4
145112,7/16/2024,BF1548,Garment,Male,31,Hoodie,London,65,2,210,4
153577,8/16/2024,BF1549,Garment,Male,24,Blouse,Miami,130,3,390,5
123518,3/20/2024,BF1551,Footwear,Female,30,Sneakers,Toronto,15,1,40,4
165673,12/17/2023,BF1549,Accessories,Male,21,Scarf,Montreal,130,3,465,5
196034,8/25/2024,BF1550,Accessories,Male,32,Jewelry,Memphis,97,1,97,3
153111,2/8/2024,BF1551,Garment,Female,22,Pants,Portland,15,3,45,5
178564,7/26/2024,BF1547,Footwear,Male,27,Sneakers,Memphis,32,1,32,2
185214,9/10/2024,BF1545,Footwear,Male,22,Shoes,Pittsburgh,10,1,10,5
156678,11/20/2023,BF1550,Garment,Male,24,T-shirt,Detroit,97,1,97,2
180535,3/27/2024,BF1550,Accessories,Male,27,Belt,Dublin,97,1,137,1
165056,1/6/2024,BF1554,Accessories,Male,27,Jewelry,San Francisco,20,1,20,5
127280,4/16/2024,BF1550,Accessories,Male,20,Belt,New Delhi,97,1,167,5
155816,3/25/2024,BF1554,Accessories,Male,32,Belt,Cleveland,20,1,20,4
135625,1/3/2024,BF1548,Garment,Male,35,T-shirt,Miami,65,3,195,1
180531,2/12/2024,BF1543,Footwear,Female,24,Sneakers,Sacramento,100,4,400,1
130236,3/11/2024,BF1551,Accessories,Female,30,Sunglasses,Portland,15,1,15,5
140080,4/4/2024,BF1543,Footwear,Male,26,Sandals,Cardiff,100,3,420,4
120824,1/3/2024,BF1546,Accessories,Male,21,Handbag,Portland,118,1,118,4
129721,8/13/2024,BF1547,Garment,Male,23,Socks,Pittsburgh,32,1,32,2
196055,4/9/2024,BF1548,Garment,Male,25,Hoodie,Liverpool,65,1,105,4
134505,9/8/2024,BF1554,Garment,Male,21,Sweater,San Francisco,20,1,20,3
144131,4/10/2024,BF1550,Garment,Male,34,Pants,Sacramento,97,1,97,4
163314,3/31/2024,BF1548,Footwear,Male,34,Sneakers,Portland,65,1,65,3
189496,2/19/2024,BF1544,Accessories,Male,28,Gloves,Miami,9,1,9,5
170796,2/1/2024,BF1544,Garment,Female,26,T-shirt,Memphis,9,2,18,4
146271,1/3/2024,BF1548,Accessories,Male,28,Backpack,Cleveland,65,2,130,3
123008,3/14/2024,BF1544,Outerwear,Male,32,Coat,Memphis,9,1,9,3
161897,6/10/2024,BF1550,Outerwear,Male,32,Coat,Manchester,97,1,137,5
149861,9/29/2024,BF1552,Footwear,Female,35,Sandals,Sacramento,45,1,45,5
192374,8/14/2024,BF1545,Accessories,Male,20,Backpack,Detroit,10,4,40,5
134294,1/17/2024,BF1551,Garment,Male,21,Sweater,Detroit,15,3,45,5
155426,9/14/2024,BF1553,Garment,Male,31,Shorts,New Jersey,50,1,50,1
181494,9/28/2024,BF1544,Accessories,Male,27,Sunglasses,New York,9,1,9,4
177719,4/30/2024,BF1550,Garment,Male,30,Shirt,Glasgow,97,2,274,1
184967,2/2/2024,BF1545,Footwear,Male,31,Shoes,Manchester,10,1,50,3
141713,1/12/2024,BF1543,Accessories,Female,31,Hat,Pittsburgh,100,3,300,4
186262,4/21/2024,BF1548,Accessories,Female,30,Scarf,Liverpool,65,1,105,5
180520,4/1/2024,BF1548,Accessories,Male,35,Belt,Detroit,65,1,65,5
163432,3/22/2024,BF1548,Garment,Male,22,T-shirt,Toronto,65,1,90,5
154896,1/16/2024,BF1543,Garment,Male,20,Shorts,Sydney,100,5,1000,2
185867,4/18/2024,BF1548,Garment,Female,32,Pants,Glasgow,65,1,105,1
154385,8/19/2024,BF1547,Accessories,Male,34,Sunglasses,Austin,32,1,32,5
171242,9/28/2024,BF1555,Outerwear,Female,25,Coat,San Francisco,23,2,46,4
179708,12/6/2023,BF1546,Garment,Male,20,Hoodie,Portland,118,1,118,4
157956,3/15/2024,BF1551,Garment,Female,29,Dress,Memphis,15,2,30,4
189866,1/23/2024,BF1543,Garment,Female,28,Blouse,San Antonio,100,2,200,1
123060,6/24/2024,BF1554,Garment,Female,31,Socks,Las Vegas,20,1,20,5
182161,4/3/2024,BF1544,Garment,Male,31,Socks,Cardiff,9,2,98,4
151591,9/1/2024,BF1552,Footwear,Male,26,Shoes,Miami,45,1,45,4
152870,5/2/2024,BF1550,Accessories,Male,26,Belt,New York,97,3,291,3
148391,2/5/2024,BF1543,Garment,Female,32,Sweater,Dublin,100,3,420,4
137238,12/5/2023,BF1544,Garment,Male,24,Pants,Pittsburgh,9,1,9,5
180265,4/28/2024,BF1546,Accessories,Male,23,Scarf,Paris,118,1,168,5
187858,6/13/2024,BF1548,Garment,Male,33,Skirt,Pittsburgh,65,2,130,4
187614,10/4/2024,BF1550,Garment,Female,32,Dress,New Jersey,97,4,388,3
163602,5/20/2024,BF1543,Accessories,Male,33,Hat,New York,100,1,100,5
147058,2/17/2024,BF1543,Accessories,Male,28,Handbag,Detroit,100,5,500,2
162307,10/3/2024,BF1548,Garment,Male,20,Pants,London,65,2,210,4
153095,2/25/2024,BF1547,Garment,Female,23,T-shirt,Las Vegas,32,1,32,4
156266,1/25/2024,BF1550,Outerwear,Male,32,Jacket,Pittsburgh,97,1,97,3
122240,4/10/2024,BF1548,Accessories,Male,29,Scarf,New York,65,1,65,5
190344,7/11/2024,BF1551,Accessories,Female,18,Hat,Dublin,15,1,55,5
120685,6/19/2024,BF1544,Outerwear,Female,34,Jacket,Memphis,9,3,27,2
154591,9/8/2024,BF1553,Garment,Male,19,Skirt,Sydney,50,1,150,1
143088,2/12/2024,BF1543,Accessories,Male,26,Handbag,Sacramento,100,1,100,3
168594,11/20/2023,BF1549,Accessories,Male,35,Backpack,Liverpool,130,1,170,4
120545,9/15/2024,BF1545,Outerwear,Male,34,Coat,Detroit,10,1,10,4
165704,12/31/2023,BF1545,Accessories,Male,21,Belt,Mumbai,10,1,80,4
146329,2/7/2024,BF1551,Accessories,Male,20,Handbag,Las Vegas,15,1,15,4
157491,5/25/2024,BF1544,Outerwear,Male,24,Coat,Pittsburgh,9,2,18,5
123360,1/27/2024,BF1543,Garment,Male,35,Sweater,Paris,100,2,300,2
156768,8/21/2024,BF1550,Garment,Male,35,Blouse,Detroit,97,3,291,5
150127,7/1/2024,BF1552,Garment,Female,23,Blouse,Cardiff,45,1,85,1
151772,1/12/2024,BF1549,Accessories,Female,33,Belt,Toronto,130,3,465,2
172777,11/17/2023,BF1551,Outerwear,Male,31,Jacket,San Francisco,15,1,15,5
167556,10/10/2024,BF1554,Garment,Male,28,Shorts,San Antonio,20,1,20,5
133978,10/22/2024,BF1543,Accessories,Female,33,Hat,Sydney,100,1,200,5
166932,12/15/2023,BF1543,Garment,Male,33,Pants,New Jersey,100,2,200,1
150529,2/7/2024,BF1547,Garment,Female,20,Blouse,New Jersey,32,1,32,4
162914,4/23/2024,BF1552,Accessories,Male,24,Belt,Memphis,45,1,45,5
122701,3/12/2024,BF1547,Accessories,Male,20,Handbag,Memphis,32,1,32,4
198375,12/4/2023,BF1548,Garment,Male,23,Hoodie,San Francisco,65,3,195,4
184018,1/4/2024,BF1551,Outerwear,Male,31,Jacket,Memphis,15,1,15,4
123649,12/5/2023,BF1547,Accessories,Female,30,Scarf,New York,32,3,96,1
135970,10/17/2024,BF1548,Garment,Female,29,Jeans,New York,65,3,195,3
172497,2/11/2024,BF1550,Accessories,Male,18,Handbag,Cleveland,97,2,194,5
182723,9/10/2024,BF1543,Outerwear,Male,18,Jacket,Manchester,100,1,140,2
160282,12/13/2023,BF1551,Accessories,Male,28,Hat,Portland,15,1,15,3
152638,8/9/2024,BF1548,Footwear,Male,18,Sneakers,San Antonio,65,4,260,4
184674,1/8/2024,BF1552,Accessories,Male,28,Hat,New York,45,1,45,4
165477,4/28/2024,BF1544,Garment,Male,29,Socks,Detroit,9,1,9,1
143818,6/18/2024,BF1552,Accessories,Female,27,Scarf,New Jersey,45,1,45,4
145174,3/13/2024,BF1545,Garment,Male,26,Socks,Manchester,10,1,50,4
165139,10/5/2024,BF1548,Accessories,Male,22,Hat,Miami,65,2,130,2
145076,2/7/2024,BF1545,Outerwear,Female,34,Jacket,Memphis,10,1,10,4
155839,7/20/2024,BF1543,Garment,Male,30,Shorts,Glasgow,100,1,140,4
124694,5/17/2024,BF1550,Garment,Male,26,Blouse,San Antonio,97,4,388,5
165162,12/9/2023,BF1549,Outerwear,Female,30,Coat,Montreal,130,1,155,4
124977,6/16/2024,BF1548,Garment,Female,24,Sweater,Austin,65,1,65,3
155075,5/11/2024,BF1545,Accessories,Male,18,Handbag,Pittsburgh,10,2,20,4
177399,12/25/2023,BF1544,Garment,Female,21,T-shirt,Sacramento,9,1,9,3
122797,3/28/2024,BF1554,Footwear,Male,33,Sandals,Austin,20,3,60,5
159870,10/2/2024,BF1548,Accessories,Male,18,Gloves,Austin,65,2,130,5
142446,12/30/2023,BF1548,Garment,Male,26,Shorts,Cleveland,65,2,130,3
124956,5/11/2024,BF1551,Footwear,Female,26,Sandals,Manchester,15,1,55,4
182150,8/23/2024,BF1550,Accessories,Male,35,Backpack,Pittsburgh,97,1,97,4
186193,9/25/2024,BF1552,Footwear,Male,27,Sneakers,Memphis,45,1,45,2
132979,7/4/2024,BF1551,Accessories,Male,22,Sunglasses,Memphis,15,1,15,1
124791,12/4/2023,BF1545,Garment,Male,32,T-shirt,Portland,10,3,30,5
140781,10/24/2024,BF1548,Garment,Male,25,Jeans,San Antonio,65,1,65,3
169586,11/12/2023,BF1550,Garment,Male,23,Shirt,San Francisco,97,3,291,4
140748,12/12/2023,BF1554,Accessories,Male,22,Hat,Memphis,20,4,80,1
136539,6/10/2024,BF1546,Garment,Female,34,Blouse,Sacramento,118,1,118,4
198369,5/23/2024,BF1545,Outerwear,Male,20,Jacket,San Francisco,10,1,10,5
123258,1/25/2024,BF1547,Garment,Male,23,Skirt,Paris,32,1,82,5
162807,12/11/2023,BF1547,Accessories,Female,35,Gloves,Pittsburgh,32,2,64,4
174447,10/18/2024,BF1551,Garment,Male,20,T-shirt,New Jersey,15,1,15,4
179841,8/3/2024,BF1548,Outerwear,Male,25,Jacket,Manchester,65,5,525,3
160651,7/28/2024,BF1543,Outerwear,Female,21,Jacket,Las Vegas,100,2,200,1
198711,11/1/2024,BF1548,Garment,Male,28,Shorts,Memphis,65,3,195,3
198683,8/8/2024,BF1554,Accessories,Female,23,Hat,Austin,20,1,20,4
166486,1/12/2024,BF1548,Accessories,Female,20,Handbag,Cleveland,65,1,65,2
176633,10/23/2024,BF1555,Garment,Male,30,Jeans,Portland,23,3,69,4
165784,1/14/2024,BF1552,Footwear,Male,23,Shoes,San Antonio,45,1,45,3
134266,4/10/2024,BF1552,Garment,Male,23,T-shirt,Mumbai,45,3,345,2
199060,8/31/2024,BF1550,Accessories,Male,27,Jewelry,Las Vegas,97,2,194,4
160829,10/3/2024,BF1543,Accessories,Male,23,Handbag,Austin,100,3,300,4
123449,5/7/2024,BF1548,Garment,Female,24,Shirt,Cardiff,65,1,105,5
199009,7/26/2024,BF1546,Accessories,Male,29,Belt,London,118,1,158,4
138946,3/7/2024,BF1548,Garment,Female,31,Dress,Austin,65,2,130,4
191901,5/6/2024,BF1550,Garment,Male,18,Skirt,Miami,97,1,97,1
172884,4/17/2024,BF1552,Garment,Male,27,Blouse,Memphis,45,1,45,1
121658,2/11/2024,BF1549,Garment,Male,20,Jeans,Portland,130,2,260,4
130544,12/12/2023,BF1550,Garment,Male,26,Hoodie,Las Vegas,97,1,97,4
168914,9/1/2024,BF1548,Garment,Female,25,T-shirt,Sacramento,65,1,65,3
160492,9/20/2024,BF1546,Accessories,Male,31,Sunglasses,Miami,118,2,236,4
160787,9/24/2024,BF1550,Outerwear,Male,25,Jacket,Memphis,97,4,388,5
182526,8/11/2024,BF1548,Footwear,Male,22,Shoes,Miami,65,1,65,2
148299,7/1/2024,BF1552,Accessories,Male,19,Handbag,Memphis,45,1,45,5
161329,6/23/2024,BF1545,Garment,Male,30,Sweater,San Antonio,10,1,10,4
187123,3/26/2024,BF1544,Accessories,Female,27,Scarf,New Jersey,9,1,9,4
179244,9/5/2024,BF1550,Garment,Female,20,Skirt,Sacramento,97,4,388,5
128786,1/9/2024,BF1555,Accessories,Male,29,Gloves,Memphis,23,2,46,1
191383,5/26/2024,BF1547,Garment,Male,25,T-shirt,Las Vegas,32,1,32,5
164908,3/3/2024,BF1548,Footwear,Male,31,Sandals,Montreal,65,2,180,1
199675,3/2/2024,BF1544,Garment,Female,28,Sweater,Pittsburgh,9,1,9,4
132904,9/14/2024,BF1555,Accessories,Male,19,Belt,New Jersey,23,1,23,4
156523,11/3/2024,BF1543,Garment,Male,32,Hoodie,New Delhi,100,2,340,3
176894,7/19/2024,BF1553,Garment,Male,35,Socks,New York,50,1,50,4
146372,3/26/2024,BF1543,Footwear,Male,30,Sandals,Portland,100,1,100,4
156448,7/3/2024,BF1551,Garment,Female,34,Blouse,Austin,15,1,15,4
131717,1/8/2024,BF1544,Footwear,Male,27,Boots,Austin,9,2,18,4
150436,4/29/2024,BF1545,Accessories,Male,23,Hat,Las Vegas,10,1,10,5
196704,4/30/2024,BF1547,Garment,Male,29,Shirt,Sydney,32,1,132,3
158655,4/11/2024,BF1543,Garment,Male,19,Shorts,Sacramento,100,1,100,5
167225,1/29/2024,BF1551,Accessories,Female,30,Handbag,Glasgow,15,1,55,3
170263,8/1/2024,BF1552,Garment,Male,20,Dress,Cardiff,45,5,425,1
164604,2/6/2024,BF1554,Accessories,Male,27,Hat,Memphis,20,4,80,5
199711,8/20/2024,BF1554,Garment,Female,28,Sweater,San Francisco,20,2,40,2
191676,12/6/2023,BF1544,Outerwear,Male,23,Coat,Liverpool,9,2,98,1
152816,1/22/2024,BF1554,Garment,Male,24,Hoodie,Portland,20,1,20,1
186040,11/14/2023,BF1551,Accessories,Male,18,Jewelry,New York,15,2,30,1
125540,5/12/2024,BF1551,Garment,Female,28,T-shirt,New Jersey,15,1,15,5
161598,8/4/2024,BF1548,Garment,Female,18,Pants,New York,65,2,130,1
178944,7/8/2024,BF1550,Garment,Female,26,Sweater,Montreal,97,1,122,1
163403,6/20/2024,BF1543,Garment,Female,23,Pants,San Francisco,100,3,300,3
180543,2/10/2024,BF1554,Garment,Female,25,Socks,San Antonio,20,1,20,3
159578,3/8/2024,BF1555,Garment,Male,21,Hoodie,Memphis,23,2,46,5
170868,11/12/2023,BF1548,Accessories,Male,32,Scarf,New Jersey,65,2,130,2
161165,1/21/2024,BF1548,Garment,Male,34,Dress,Las Vegas,65,1,65,5
132802,1/13/2024,BF1546,Footwear,Female,26,Sandals,Memphis,118,2,236,1
144803,9/17/2024,BF1551,Garment,Male,34,Dress,Glasgow,15,1,55,4
189443,12/26/2023,BF1546,Garment,Male,23,Pants,New Jersey,118,1,118,3
142582,1/17/2024,BF1550,Garment,Male,23,Blouse,Portland,97,1,97,4
132858,6/25/2024,BF1551,Garment,Male,23,Jeans,San Francisco,15,4,60,2
176480,10/20/2024,BF1547,Garment,Male,34,Pants,San Francisco,32,1,32,1
127211,6/21/2024,BF1550,Accessories,Male,23,Sunglasses,San Antonio,97,3,291,3
186467,10/25/2024,BF1551,Accessories,Female,26,Backpack,San Francisco,15,4,60,5
125686,3/14/2024,BF1548,Garment,Male,23,Hoodie,Sacramento,65,2,130,4
142340,8/14/2024,BF1554,Footwear,Male,31,Boots,Dublin,20,1,60,3
156606,5/7/2024,BF1544,Accessories,Female,21,Gloves,London,9,1,49,4
153985,10/27/2024,BF1553,Garment,Male,24,Blouse,Detroit,50,1,50,1
134922,8/24/2024,BF1544,Garment,Female,34,Sweater,Portland,9,1,9,3
161922,1/3/2024,BF1554,Garment,Male,21,Dress,New York,20,4,80,1
181275,12/5/2023,BF1550,Garment,Female,32,Socks,Toronto,97,2,244,5
138782,6/12/2024,BF1549,Garment,Male,29,Shirt,Miami,130,3,390,1
189790,5/24/2024,BF1548,Footwear,Male,32,Sandals,Portland,65,1,65,3
169238,7/7/2024,BF1548,Footwear,Male,32,Shoes,Pittsburgh,65,1,65,2
159074,8/4/2024,BF1547,Footwear,Male,29,Sandals,Miami,32,1,32,5
185233,6/13/2024,BF1547,Accessories,Female,20,Gloves,Cleveland,32,1,32,3
161035,8/12/2024,BF1547,Footwear,Female,32,Boots,Mumbai,32,1,102,1
194792,5/6/2024,BF1544,Garment,Female,32,Blouse,Detroit,9,1,9,4
199636,7/3/2024,BF1554,Footwear,Male,23,Sandals,Portland,20,4,80,3
194283,5/28/2024,BF1554,Outerwear,Male,26,Coat,New York,20,2,40,2
197118,7/28/2024,BF1550,Outerwear,Female,34,Jacket,San Francisco,97,1,97,5
153159,3/7/2024,BF1551,Accessories,Male,29,Jewelry,Pittsburgh,15,3,45,5
160901,6/17/2024,BF1547,Accessories,Female,22,Hat,Mumbai,32,1,102,4
126439,9/16/2024,BF1548,Footwear,Female,31,Shoes,Montreal,65,1,90,4
142376,11/4/2024,BF1544,Outerwear,Male,18,Coat,Sacramento,9,1,9,4
154346,6/25/2024,BF1544,Footwear,Male,32,Boots,New Jersey,9,3,27,4
173303,1/22/2024,BF1543,Accessories,Female,25,Scarf,San Francisco,100,1,100,4
190359,11/25/2023,BF1549,Accessories,Male,31,Hat,San Francisco,130,1,130,4
172879,9/1/2024,BF1548,Garment,Female,19,Socks,Las Vegas,65,1,65,5
146240,3/11/2024,BF1545,Garment,Male,18,T-shirt,New York,10,1,10,5
199791,3/28/2024,BF1551,Accessories,Male,21,Jewelry,Pittsburgh,15,2,30,5
199361,5/27/2024,BF1550,Garment,Female,30,Skirt,Detroit,97,4,388,5
156394,6/2/2024,BF1550,Garment,Male,18,Socks,San Francisco,97,1,97,1
131231,10/30/2024,BF1552,Accessories,Female,27,Belt,New York,45,1,45,5
166368,10/23/2024,BF1554,Footwear,Male,28,Boots,New Jersey,20,1,20,1
170445,10/24/2024,BF1554,Garment,Male,33,Socks,San Francisco,20,1,20,4
130848,4/19/2024,BF1547,Garment,Female,24,Pants,Miami,32,1,32,4
132488,4/13/2024,BF1554,Garment,Male,28,Socks,Toronto,20,2,90,4
132854,6/30/2024,BF1546,Accessories,Female,28,Belt,Miami,118,1,118,2
146553,2/24/2024,BF1548,Outerwear,Male,26,Jacket,Detroit,65,1,65,5
164746,3/26/2024,BF1548,Garment,Female,24,Shirt,Cleveland,65,3,195,5
192423,3/25/2024,BF1548,Accessories,Male,32,Gloves,Detroit,65,1,65,5
160953,2/8/2024,BF1548,Accessories,Male,35,Handbag,Liverpool,65,1,105,2
137871,3/22/2024,BF1552,Garment,Male,25,Sweater,Miami,45,4,180,5
124702,1/5/2024,BF1551,Garment,Female,30,Skirt,Portland,15,2,30,2
170702,1/16/2024,BF1543,Garment,Male,29,Dress,Miami,100,4,400,5
150300,10/12/2024,BF1543,Garment,Male,27,Pants,Detroit,100,1,100,3
196341,3/4/2024,BF1554,Accessories,Male,30,Hat,Cleveland,20,1,20,2
159906,4/14/2024,BF1544,Footwear,Male,21,Boots,Paris,9,1,59,3
131464,1/10/2024,BF1547,Footwear,Female,28,Sandals,Portland,32,4,128,4
149896,9/24/2024,BF1550,Outerwear,Male,32,Coat,Pittsburgh,97,2,194,5
186603,9/14/2024,BF1546,Garment,Female,26,Blouse,Memphis,118,1,118,5
166185,12/9/2023,BF1545,Garment,Male,23,Shorts,Cardiff,10,1,50,5
127460,1/25/2024,BF1551,Garment,Male,30,Blouse,Pittsburgh,15,2,30,4
157344,2/11/2024,BF1545,Outerwear,Female,26,Jacket,San Antonio,10,1,10,2
186248,12/12/2023,BF1544,Garment,Male,18,Shirt,San Antonio,9,1,9,3
136965,10/10/2024,BF1548,Accessories,Male,19,Handbag,Pittsburgh,65,5,325,5
172587,10/27/2024,BF1547,Garment,Male,31,T-shirt,Dublin,32,1,72,5
160606,9/20/2024,BF1552,Garment,Male,19,Hoodie,San Francisco,45,3,135,1
132076,6/21/2024,BF1543,Accessories,Male,27,Jewelry,New Jersey,100,1,100,3
149509,11/19/2023,BF1548,Accessories,Male,30,Jewelry,Cardiff,65,1,105,1
179120,8/18/2024,BF1551,Garment,Female,27,Hoodie,Las Vegas,15,1,15,5
148643,7/26/2024,BF1548,Accessories,Male,24,Scarf,Glasgow,65,1,105,2
196452,6/27/2024,BF1551,Footwear,Female,22,Shoes,New Delhi,15,1,85,4
153501,11/28/2023,BF1550,Garment,Male,20,Jeans,Portland,97,1,97,5
199778,11/3/2024,BF1544,Accessories,Male,32,Jewelry,London,9,1,49,4
142442,4/28/2024,BF1550,Outerwear,Female,20,Coat,Mumbai,97,2,334,5
134987,2/17/2024,BF1545,Accessories,Male,18,Backpack,Toronto,10,5,175,4
190935,10/9/2024,BF1550,Garment,Male,25,Socks,Sydney,97,1,197,3
175367,4/2/2024,BF1548,Accessories,Female,23,Scarf,Portland,65,1,65,4
128927,5/19/2024,BF1546,Accessories,Male,32,Sunglasses,Miami,118,4,472,4
187156,1/25/2024,BF1549,Garment,Male,31,Socks,Memphis,130,1,130,4
150054,3/13/2024,BF1549,Outerwear,Female,20,Coat,Cleveland,130,1,130,4
189411,4/4/2024,BF1548,Footwear,Female,21,Sandals,Cleveland,65,1,65,2
189332,9/27/2024,BF1545,Garment,Male,23,Blouse,Austin,10,1,10,2
156157,11/27/2023,BF1548,Garment,Male,29,Dress,San Francisco,65,1,65,5
193191,5/18/2024,BF1545,Garment,Male,35,Pants,Memphis,10,1,10,3
130130,5/16/2024,BF1549,Footwear,Female,26,Sneakers,Cleveland,130,1,130,5
187551,5/10/2024,BF1553,Footwear,Male,19,Boots,Cleveland,50,1,50,5
187626,1/3/2024,BF1548,Accessories,Male,32,Handbag,Toronto,65,1,90,4
156507,4/22/2024,BF1551,Accessories,Male,30,Handbag,Pittsburgh,15,2,30,1
191315,7/14/2024,BF1550,Garment,Male,34,Sweater,Portland,97,2,194,4
167914,8/20/2024,BF1543,Footwear,Male,23,Sandals,Memphis,100,2,200,4
152455,8/16/2024,BF1546,Garment,Female,19,Socks,Memphis,118,1,118,3
121800,5/16/2024,BF1552,Accessories,Male,25,Gloves,Miami,45,4,180,3
138469,7/19/2024,BF1547,Garment,Male,26,Hoodie,Las Vegas,32,2,64,5
190411,11/1/2024,BF1548,Garment,Male,22,Dress,San Francisco,65,2,130,4
165138,8/13/2024,BF1545,Garment,Male,33,Shirt,New Delhi,10,1,80,4
120948,8/5/2024,BF1544,Garment,Male,23,Shorts,New Delhi,9,1,79,5
198268,9/25/2024,BF1549,Footwear,Male,22,Sandals,San Antonio,130,1,130,5
127257,5/14/2024,BF1550,Garment,Female,31,Sweater,San Antonio,97,1,97,3
194936,9/6/2024,BF1552,Garment,Female,29,Dress,Cleveland,45,1,45,2
192546,11/4/2024,BF1544,Footwear,Female,32,Boots,Toronto,9,1,34,4
157818,1/10/2024,BF1550,Garment,Female,27,Pants,Sacramento,97,2,194,5
158821,5/8/2024,BF1545,Accessories,Male,31,Gloves,San Francisco,10,1,10,4
154055,9/14/2024,BF1551,Garment,Male,34,Pants,Sydney,15,2,230,4
178746,2/14/2024,BF1548,Accessories,Female,29,Scarf,Austin,65,1,65,4
189239,12/29/2023,BF1554,Garment,Male,33,Shorts,Detroit,20,2,40,4
154131,2/15/2024,BF1554,Footwear,Female,24,Shoes,Cleveland,20,3,60,4
197483,12/16/2023,BF1548,Accessories,Male,34,Handbag,New York,65,3,195,5
134097,4/25/2024,BF1552,Footwear,Female,24,Sandals,Portland,45,2,90,4
144378,10/28/2024,BF1551,Garment,Female,20,Socks,New Jersey,15,1,15,3
182346,2/29/2024,BF1544,Garment,Male,27,Shirt,New Delhi,9,2,158,2
169664,1/12/2024,BF1545,Footwear,Male,33,Shoes,Austin,10,1,10,4
140392,9/20/2024,BF1546,Accessories,Male,25,Backpack,Sacramento,118,4,472,5
166524,12/25/2023,BF1548,Garment,Male,28,Shirt,Cardiff,65,4,420,5
145216,5/4/2024,BF1548,Accessories,Male,30,Handbag,Portland,65,1,65,4
149891,12/5/2023,BF1543,Accessories,Male,34,Jewelry,Miami,100,2,200,2
150728,9/10/2024,BF1547,Garment,Female,22,Shirt,London,32,4,288,4
141142,1/29/2024,BF1543,Accessories,Male,23,Handbag,Cleveland,100,1,100,5
138630,4/8/2024,BF1549,Garment,Female,31,Pants,Portland,130,1,130,3
180396,7/10/2024,BF1543,Garment,Male,27,T-shirt,Las Vegas,100,1,100,4
143165,6/10/2024,BF1554,Footwear,Male,35,Sneakers,San Francisco,20,1,20,1
182836,12/30/2023,BF1545,Accessories,Male,25,Jewelry,Memphis,10,1,10,4
134078,9/28/2024,BF1551,Garment,Female,35,Shirt,Liverpool,15,4,220,5
157919,11/16/2023,BF1548,Garment,Male,24,Blouse,Glasgow,65,4,420,5
168053,12/13/2023,BF1548,Footwear,Female,20,Sneakers,Las Vegas,65,1,65,4
166585,6/8/2024,BF1544,Garment,Female,19,Dress,Portland,9,1,9,1
139589,6/20/2024,BF1553,Footwear,Male,32,Boots,New Jersey,50,1,50,4
140740,12/26/2023,BF1545,Garment,Male,35,Skirt,Cleveland,10,1,10,5
155464,12/3/2023,BF1551,Garment,Female,25,Shirt,Las Vegas,15,3,45,5
178866,1/25/2024,BF1551,Garment,Male,18,Shorts,Cardiff,15,1,55,4
156196,7/25/2024,BF1545,Accessories,Female,18,Hat,London,10,1,50,1
132001,2/9/2024,BF1554,Footwear,Male,24,Shoes,Mumbai,20,1,90,5
198736,12/26/2023,BF1548,Garment,Male,33,Pants,Mumbai,65,1,135,5
186609,1/13/2024,BF1546,Accessories,Male,28,Backpack,Cleveland,118,2,236,5
189939,1/31/2024,BF1548,Garment,Male,28,Pants,Cleveland,65,1,65,4
168640,11/22/2023,BF1543,Accessories,Male,21,Sunglasses,New Jersey,100,1,100,3
121824,9/22/2024,BF1546,Garment,Female,32,Sweater,Portland,118,1,118,3
129507,4/20/2024,BF1543,Garment,Female,33,Blouse,Portland,100,1,100,5
128321,12/10/2023,BF1553,Accessories,Male,19,Scarf,Pittsburgh,50,1,50,5
166801,8/7/2024,BF1551,Garment,Male,30,T-shirt,San Francisco,15,1,15,1
171128,2/1/2024,BF1551,Accessories,Male,24,Sunglasses,Miami,15,2,30,3
141447,4/1/2024,BF1548,Footwear,Male,33,Shoes,Cleveland,65,2,130,5
190476,1/13/2024,BF1548,Garment,Male,26,Pants,New Jersey,65,1,65,2
148127,10/24/2024,BF1550,Footwear,Female,34,Sneakers,Manchester,97,2,274,4
122551,12/22/2023,BF1548,Footwear,Female,19,Shoes,Detroit,65,1,65,1
187293,6/26/2024,BF1552,Garment,Male,21,Shorts,Glasgow,45,1,85,3
153710,8/23/2024,BF1543,Accessories,Male,31,Handbag,San Francisco,100,3,300,2
129337,8/16/2024,BF1548,Accessories,Female,19,Handbag,San Antonio,65,1,65,3
176830,8/3/2024,BF1544,Footwear,Female,25,Shoes,San Francisco,9,2,18,5
167677,4/29/2024,BF1552,Accessories,Female,34,Jewelry,Detroit,45,1,45,4
145093,6/13/2024,BF1551,Garment,Male,24,Shorts,Sacramento,15,1,15,3
125820,11/13/2023,BF1548,Garment,Male,23,Blouse,San Antonio,65,1,65,5
144789,1/2/2024,BF1553,Outerwear,Male,32,Coat,San Antonio,50,2,100,3
137953,10/7/2024,BF1548,Accessories,Male,32,Hat,Portland,65,1,65,2
145042,10/25/2024,BF1548,Garment,Male,24,Socks,Memphis,65,1,65,5
145866,4/27/2024,BF1550,Footwear,Female,28,Sandals,Sacramento,97,1,97,1
194628,9/3/2024,BF1544,Accessories,Female,25,Scarf,Montreal,9,1,34,1
142589,4/9/2024,BF1545,Accessories,Male,30,Scarf,Las Vegas,10,4,40,5
189330,10/2/2024,BF1545,Garment,Female,30,Blouse,San Francisco,10,1,10,4
136984,7/31/2024,BF1548,Garment,Male,28,T-shirt,Detroit,65,1,65,4
146172,12/17/2023,BF1548,Footwear,Male,26,Shoes,Liverpool,65,1,105,5
199099,9/20/2024,BF1544,Accessories,Male,30,Gloves,San Francisco,9,1,9,5
121086,8/23/2024,BF1551,Accessories,Male,31,Sunglasses,Cleveland,15,1,15,4
164106,12/8/2023,BF1544,Footwear,Female,34,Shoes,Memphis,9,3,27,4
156823,5/18/2024,BF1545,Garment,Male,27,Dress,Cleveland,10,1,10,4
125048,4/8/2024,BF1549,Garment,Male,32,Blouse,New Jersey,130,1,130,5
147939,3/12/2024,BF1543,Garment,Male,21,Sweater,Miami,100,1,100,1
147016,6/18/2024,BF1555,Outerwear,Male,32,Jacket,Montreal,23,3,144,5
128787,2/11/2024,BF1549,Accessories,Female,30,Backpack,San Francisco,130,1,130,1
150499,3/12/2024,BF1548,Garment,Male,24,Shorts,Pittsburgh,65,2,130,1
137372,3/17/2024,BF1552,Garment,Male,18,Socks,Cleveland,45,1,45,5
174877,4/2/2024,BF1547,Footwear,Female,34,Sneakers,London,32,1,72,5
121391,10/31/2024,BF1550,Footwear,Male,34,Sneakers,Las Vegas,97,1,97,5
141776,4/10/2024,BF1554,Garment,Male,19,Blouse,San Francisco,20,4,80,2
186180,3/8/2024,BF1548,Accessories,Male,19,Gloves,Manchester,65,3,315,5
183032,11/5/2023,BF1548,Accessories,Male,24,Handbag,Portland,65,5,325,4
170863,11/13/2023,BF1548,Garment,Male,31,Jeans,Toronto,65,1,90,4
184040,5/24/2024,BF1546,Accessories,Female,23,Scarf,Manchester,118,1,158,2
124312,8/19/2024,BF1553,Footwear,Male,24,Sandals,Glasgow,50,1,90,4
198805,6/26/2024,BF1550,Footwear,Male,22,Sandals,San Francisco,97,2,194,4
121552,10/15/2024,BF1543,Garment,Male,23,Dress,San Francisco,100,1,100,5
193640,9/15/2024,BF1548,Garment,Male,35,Skirt,Las Vegas,65,1,65,4
185825,5/10/2024,BF1548,Garment,Female,20,Shorts,Sacramento,65,3,195,4
153614,10/1/2024,BF1548,Garment,Male,27,Jeans,Pittsburgh,65,1,65,5
162218,7/8/2024,BF1549,Garment,Male,19,Socks,Paris,130,4,720,3
134059,1/29/2024,BF1550,Outerwear,Male,18,Coat,Austin,97,1,97,2
141527,4/28/2024,BF1549,Footwear,Male,18,Boots,Cleveland,130,1,130,3
165509,9/14/2024,BF1548,Accessories,Female,30,Belt,Liverpool,65,2,210,1
146206,3/15/2024,BF1548,Footwear,Male,29,Shoes,Las Vegas,65,1,65,5
199274,12/13/2023,BF1553,Accessories,Male,34,Scarf,Cardiff,50,3,270,5
175851,3/27/2024,BF1545,Garment,Male,25,Blouse,Pittsburgh,10,3,30,4
164419,12/5/2023,BF1551,Garment,Male,27,Dress,Liverpool,15,4,220,1
188283,11/2/2024,BF1549,Garment,Female,22,Shorts,Miami,130,2,260,5
154378,2/18/2024,BF1552,Garment,Male,23,Blouse,Las Vegas,45,1,45,4
150113,2/10/2024,BF1551,Footwear,Male,31,Sneakers,Austin,15,4,60,3
141274,8/14/2024,BF1555,Accessories,Male,35,Gloves,Dublin,23,1,63,5
164771,9/13/2024,BF1548,Garment,Male,28,Hoodie,Pittsburgh,65,1,65,3
186025,12/4/2023,BF1554,Garment,Male,21,Sweater,Miami,20,2,40,5
199279,9/11/2024,BF1550,Accessories,Male,32,Sunglasses,New York,97,1,97,1
199540,5/1/2024,BF1550,Accessories,Female,24,Belt,Mumbai,97,1,167,4
129107,5/9/2024,BF1544,Garment,Female,19,Dress,Cardiff,9,1,49,5
168123,9/14/2024,BF1544,Outerwear,Female,28,Jacket,Portland,9,1,9,4
188953,4/14/2024,BF1548,Footwear,Male,21,Boots,Austin,65,1,65,1
120329,10/28/2024,BF1543,Footwear,Female,20,Sandals,Memphis,100,1,100,3
176028,11/21/2023,BF1550,Accessories,Female,28,Scarf,Liverpool,97,1,137,4
185611,5/16/2024,BF1548,Garment,Male,20,Blouse,San Francisco,65,1,65,1
122119,4/11/2024,BF1549,Garment,Female,21,Hoodie,Portland,130,5,650,4
146582,4/17/2024,BF1551,Accessories,Male,35,Sunglasses,Montreal,15,4,160,2
197114,2/8/2024,BF1546,Garment,Male,30,Hoodie,Portland,118,2,236,4
123983,10/22/2024,BF1551,Accessories,Male,24,Scarf,Las Vegas,15,1,15,4
149401,5/30/2024,BF1549,Garment,Female,18,Dress,New Jersey,130,1,130,2
152092,12/17/2023,BF1549,Garment,Female,34,T-shirt,London,130,2,340,4
128772,4/3/2024,BF1545,Garment,Female,31,Skirt,New Jersey,10,3,30,4
148985,12/21/2023,BF1552,Garment,Female,20,Jeans,Cleveland,45,2,90,2
126706,1/1/2024,BF1545,Garment,Male,24,Hoodie,San Antonio,10,4,40,4
160758,9/8/2024,BF1550,Garment,Male,22,Jeans,Memphis,97,2,194,5
199903,7/20/2024,BF1544,Footwear,Male,19,Sandals,Portland,9,1,9,1
184804,7/22/2024,BF1546,Accessories,Male,26,Hat,Cleveland,118,2,236,1
145604,11/20/2023,BF1548,Accessories,Female,19,Gloves,Las Vegas,65,1,65,1
123679,12/23/2023,BF1543,Garment,Male,30,Socks,Toronto,100,2,250,5
195689,5/29/2024,BF1550,Outerwear,Male,22,Jacket,Detroit,97,2,194,4
168225,8/26/2024,BF1549,Garment,Female,29,T-shirt,Memphis,130,1,130,5
174766,12/16/2023,BF1543,Footwear,Male,28,Sandals,Memphis,100,2,200,4
125203,9/11/2024,BF1553,Accessories,Female,26,Hat,Mumbai,50,2,240,5
126477,8/16/2024,BF1552,Accessories,Male,30,Gloves,San Antonio,45,2,90,5
123014,11/5/2023,BF1546,Garment,Female,21,Dress,New Delhi,118,1,188,3
193734,7/5/2024,BF1543,Garment,Male,33,Hoodie,Montreal,100,1,125,4
159433,6/29/2024,BF1550,Accessories,Female,21,Belt,Sacramento,97,2,194,3
128989,9/7/2024,BF1548,Accessories,Male,19,Gloves,Paris,65,3,345,2
139827,7/20/2024,BF1548,Accessories,Male,35,Scarf,Pittsburgh,65,3,195,1
158481,11/16/2023,BF1543,Footwear,Female,22,Sandals,Las Vegas,100,1,100,4
159607,6/30/2024,BF1544,Footwear,Male,23,Sneakers,Sydney,9,2,218,4
170970,8/21/2024,BF1553,Garment,Male,21,Dress,Dublin,50,1,90,5
194889,12/30/2023,BF1544,Accessories,Female,34,Jewelry,Pittsburgh,9,3,27,5
121932,7/30/2024,BF1554,Accessories,Female,25,Hat,New York,20,1,20,4
171155,2/3/2024,BF1544,Accessories,Male,35,Scarf,New Jersey,9,1,9,4
175341,11/6/2023,BF1548,Garment,Male,27,Blouse,Las Vegas,65,1,65,4
191440,11/12/2023,BF1548,Accessories,Male,24,Belt,Dublin,65,5,525,3
141375,3/27/2024,BF1547,Garment,Female,25,Blouse,Sacramento,32,3,96,4
157744,1/29/2024,BF1548,Garment,Female,25,T-shirt,Memphis,65,1,65,1
150985,12/7/2023,BF1544,Accessories,Male,22,Hat,Dublin,9,3,147,5
166528,1/15/2024,BF1549,Accessories,Male,32,Hat,Pittsburgh,130,1,130,5
123784,11/5/2023,BF1551,Footwear,Female,20,Sneakers,Portland,15,1,15,4
173178,11/18/2023,BF1548,Accessories,Female,22,Gloves,Toronto,65,1,90,5
126547,10/4/2024,BF1547,Garment,Male,24,Socks,San Antonio,32,1,32,4
153510,4/24/2024,BF1548,Footwear,Male,34,Sandals,Pittsburgh,65,1,65,1
191607,10/17/2024,BF1548,Footwear,Female,25,Sandals,Portland,65,1,65,5
182999,2/25/2024,BF1548,Footwear,Male,20,Boots,Austin,65,1,65,1
142061,2/10/2024,BF1553,Accessories,Male,21,Backpack,Cleveland,50,3,150,4
135386,8/2/2024,BF1548,Outerwear,Male,22,Coat,Memphis,65,5,325,4
130036,5/10/2024,BF1544,Accessories,Male,31,Sunglasses,New Delhi,9,3,237,3
170196,3/27/2024,BF1550,Outerwear,Male,33,Jacket,Liverpool,97,1,137,1
142906,9/28/2024,BF1548,Garment,Male,35,Dress,Mumbai,65,1,135,1
152109,10/29/2024,BF1546,Accessories,Male,25,Scarf,Miami,118,1,118,1
137644,11/7/2023,BF1548,Garment,Male,27,Blouse,Sacramento,65,1,65,2
163925,6/21/2024,BF1543,Accessories,Male,22,Backpack,Toronto,100,4,500,3
136347,1/29/2024,BF1551,Accessories,Male,32,Jewelry,Cleveland,15,1,15,4
153785,10/21/2024,BF1554,Garment,Male,32,Shorts,Memphis,20,3,60,2
125377,3/8/2024,BF1550,Garment,Male,29,Skirt,New York,97,2,194,1
184421,6/26/2024,BF1543,Garment,Male,26,Skirt,Memphis,100,1,100,4
184524,12/28/2023,BF1550,Garment,Male,24,Jeans,Sacramento,97,2,194,3
166297,3/18/2024,BF1548,Accessories,Male,26,Handbag,Sydney,65,1,165,4
156242,7/22/2024,BF1548,Accessories,Male,19,Handbag,Liverpool,65,1,105,3
135584,7/19/2024,BF1554,Outerwear,Male,21,Coat,Memphis,20,1,20,2
168482,10/14/2024,BF1545,Accessories,Male,19,Jewelry,Mumbai,10,1,80,5
171210,6/27/2024,BF1548,Garment,Male,35,Sweater,New York,65,1,65,4
159038,12/17/2023,BF1555,Outerwear,Male,18,Jacket,New Jersey,23,3,69,4
147806,2/22/2024,BF1554,Footwear,Male,22,Shoes,Detroit,20,1,20,4
178814,8/30/2024,BF1554,Garment,Female,21,T-shirt,Cleveland,20,2,40,5
150492,4/26/2024,BF1548,Footwear,Male,31,Sandals,Portland,65,1,65,4
122081,10/14/2024,BF1551,Footwear,Male,32,Shoes,London,15,4,220,5
197766,5/6/2024,BF1546,Footwear,Female,28,Sandals,Liverpool,118,1,158,4
154395,4/30/2024,BF1555,Garment,Female,26,Shorts,Pittsburgh,23,1,23,4
168118,12/27/2023,BF1547,Accessories,Male,29,Backpack,Sacramento,32,1,32,5
141656,1/2/2024,BF1545,Outerwear,Female,34,Jacket,Miami,10,2,20,5
151933,7/26/2024,BF1551,Garment,Female,26,Socks,New Delhi,15,5,425,5
152394,1/7/2024,BF1550,Accessories,Male,31,Jewelry,Sydney,97,2,394,4
160610,4/8/2024,BF1551,Garment,Female,35,Pants,Glasgow,15,3,165,1
169970,2/7/2024,BF1548,Garment,Male,19,Blouse,Cleveland,65,1,65,1
150425,10/18/2024,BF1545,Garment,Male,27,Socks,Portland,10,2,20,4
158941,10/31/2024,BF1544,Footwear,Male,21,Shoes,San Antonio,9,1,9,5
169640,8/15/2024,BF1551,Accessories,Male,28,Handbag,Portland,15,1,15,4
126723,5/10/2024,BF1550,Footwear,Female,35,Sandals,Austin,97,3,291,5
193728,11/23/2023,BF1548,Garment,Male,29,Socks,Cleveland,65,1,65,1
195333,8/2/2024,BF1554,Accessories,Female,35,Handbag,Austin,20,1,20,5
165732,11/20/2023,BF1544,Accessories,Male,20,Hat,Miami,9,2,18,4
173940,4/29/2024,BF1543,Accessories,Male,18,Jewelry,New Delhi,100,1,170,2
143799,8/25/2024,BF1550,Accessories,Male,23,Backpack,Cleveland,97,1,97,3
153758,8/20/2024,BF1552,Garment,Male,19,Shirt,Manchester,45,1,85,3
164658,8/16/2024,BF1545,Outerwear,Male,33,Coat,Paris,10,2,120,4
127652,1/3/2024,BF1548,Accessories,Female,34,Sunglasses,Sydney,65,1,165,5
169335,10/4/2024,BF1544,Accessories,Male,18,Gloves,New Delhi,9,1,79,4
121211,2/26/2024,BF1552,Garment,Male,29,Shirt,Montreal,45,1,70,4
198968,5/20/2024,BF1548,Garment,Male,25,Socks,Sacramento,65,3,195,1
193484,9/13/2024,BF1550,Garment,Male,26,Skirt,Glasgow,97,2,274,5
198677,11/26/2023,BF1546,Garment,Male,18,Shorts,Memphis,118,1,118,4
165764,8/3/2024,BF1544,Footwear,Female,30,Sandals,New Jersey,9,1,9,4
165534,6/28/2024,BF1543,Garment,Male,20,Shirt,Miami,100,3,300,5
134971,9/8/2024,BF1551,Accessories,Male,34,Sunglasses,Mumbai,15,4,340,2
183149,7/20/2024,BF1544,Accessories,Male,33,Jewelry,London,9,1,49,4
146469,12/29/2023,BF1548,Garment,Male,21,Blouse,New Jersey,65,4,260,5
198983,9/6/2024,BF1546,Footwear,Male,32,Sandals,Memphis,118,1,118,4
131756,12/30/2023,BF1550,Outerwear,Female,22,Coat,Cleveland,97,1,97,5
185745,12/23/2023,BF1545,Garment,Male,18,Blouse,Austin,10,1,10,4
149793,11/8/2023,BF1543,Garment,Male,21,Sweater,Austin,100,2,200,3
178871,5/5/2024,BF1545,Garment,Male,25,Skirt,Glasgow,10,4,200,5
171901,10/2/2024,BF1543,Garment,Male,35,Blouse,Detroit,100,1,100,5
192913,11/5/2023,BF1551,Garment,Male,18,Hoodie,Austin,15,1,15,4
137615,1/10/2024,BF1543,Garment,Female,18,Skirt,Liverpool,100,1,140,4
125036,7/27/2024,BF1551,Accessories,Female,30,Backpack,New York,15,3,45,4
187186,3/26/2024,BF1545,Accessories,Male,31,Handbag,Paris,10,2,120,4
131724,12/18/2023,BF1549,Footwear,Female,21,Sandals,Manchester,130,1,170,5
120257,10/31/2024,BF1549,Footwear,Male,18,Shoes,London,130,1,170,1
130073,9/10/2024,BF1543,Footwear,Male,30,Sandals,Liverpool,100,2,280,3
163751,9/22/2024,BF1551,Accessories,Female,26,Sunglasses,Miami,15,1,15,5
172119,12/13/2023,BF1543,Garment,Female,22,Skirt,Las Vegas,100,1,100,4
133941,4/15/2024,BF1544,Footwear,Male,19,Sandals,New Jersey,9,1,9,1
175719,3/27/2024,BF1549,Accessories,Female,33,Gloves,Portland,130,1,130,3
192182,1/26/2024,BF1551,Garment,Female,32,Hoodie,Manchester,15,2,110,4
188883,8/9/2024,BF1553,Garment,Male,21,Socks,Montreal,50,1,75,2
153273,10/14/2024,BF1543,Accessories,Female,29,Jewelry,New York,100,1,100,4
140968,6/12/2024,BF1548,Accessories,Male,18,Hat,Cleveland,65,2,130,5
137563,3/16/2024,BF1543,Garment,Male,18,Blouse,Cleveland,100,5,500,5
194499,6/22/2024,BF1547,Footwear,Male,24,Shoes,New Jersey,32,1,32,4
133431,4/11/2024,BF1543,Accessories,Female,23,Hat,San Francisco,100,1,100,3
171020,1/14/2024,BF1549,Accessories,Male,26,Sunglasses,New York,130,3,390,1
182433,10/21/2024,BF1548,Garment,Female,30,Shirt,Sydney,65,1,165,3
146528,12/27/2023,BF1543,Garment,Female,33,T-shirt,New York,100,2,200,3
132187,9/21/2024,BF1545,Garment,Male,23,Pants,Cardiff,10,2,100,3
141601,12/8/2023,BF1548,Garment,Male,33,Pants,Austin,65,4,260,2
122608,3/26/2024,BF1545,Accessories,Female,22,Hat,Mumbai,10,3,240,5
162714,7/13/2024,BF1554,Outerwear,Male,33,Coat,Las Vegas,20,1,20,1
136697,10/10/2024,BF1552,Outerwear,Male,31,Jacket,Cleveland,45,1,45,4
143388,12/15/2023,BF1554,Footwear,Male,28,Sandals,Las Vegas,20,1,20,1
181613,8/2/2024,BF1543,Accessories,Male,21,Gloves,New Jersey,100,4,400,5
198892,9/16/2024,BF1544,Garment,Female,19,Dress,Dublin,9,1,49,1
163564,3/18/2024,BF1543,Accessories,Male,24,Belt,New York,100,1,100,4
141386,5/5/2024,BF1548,Garment,Male,25,Socks,Paris,65,1,115,4
193971,12/24/2023,BF1544,Outerwear,Male,21,Jacket,Las Vegas,9,1,9,5
154899,12/13/2023,BF1552,Footwear,Male,34,Boots,New York,45,1,45,4
199768,9/4/2024,BF1543,Garment,Male,22,Shirt,New Jersey,100,1,100,1
194798,9/25/2024,BF1548,Accessories,Male,34,Hat,Dublin,65,3,315,5
126408,9/27/2024,BF1543,Footwear,Female,24,Shoes,Toronto,100,3,375,4
132978,1/2/2024,BF1551,Garment,Male,28,Socks,Miami,15,1,15,5
169462,11/30/2023,BF1543,Garment,Female,34,Hoodie,New York,100,1,100,4
164933,1/1/2024,BF1548,Footwear,Female,28,Sandals,Portland,65,1,65,5
172838,7/31/2024,BF1551,Garment,Male,34,Jeans,Sacramento,15,4,60,1
130696,5/18/2024,BF1544,Accessories,Male,35,Jewelry,New Jersey,9,4,36,4
137723,1/30/2024,BF1551,Garment,Male,23,Shorts,Miami,15,1,15,1
171209,11/10/2023,BF1551,Accessories,Male,30,Sunglasses,Miami,15,1,15,2
148259,4/2/2024,BF1548,Garment,Female,23,Pants,Cleveland,65,1,65,1
160872,11/25/2023,BF1548,Garment,Male,34,Shirt,New Jersey,65,1,65,4
150149,12/14/2023,BF1551,Garment,Male,26,Shirt,Pittsburgh,15,1,15,4
143851,4/28/2024,BF1544,Garment,Female,24,Pants,Cardiff,9,1,49,4
138814,2/8/2024,BF1550,Garment,Male,34,Hoodie,Cardiff,97,2,274,5
193687,11/3/2024,BF1544,Garment,Male,18,Socks,Miami,9,4,36,4
176309,1/6/2024,BF1554,Outerwear,Female,20,Coat,Sacramento,20,1,20,5
167887,6/7/2024,BF1551,Garment,Male,19,Sweater,Detroit,15,1,15,4
191165,7/1/2024,BF1548,Accessories,Male,33,Backpack,San Antonio,65,1,65,5
173016,10/17/2024,BF1543,Garment,Female,21,Blouse,Pittsburgh,100,1,100,5
185542,4/25/2024,BF1544,Garment,Male,29,Hoodie,Liverpool,9,1,49,5
193871,3/28/2024,BF1548,Accessories,Male,18,Jewelry,San Francisco,65,1,65,1
155291,2/21/2024,BF1554,Outerwear,Female,24,Coat,Sydney,20,1,120,4
134673,10/25/2024,BF1553,Accessories,Male,32,Sunglasses,Mumbai,50,1,120,2
181316,8/30/2024,BF1550,Footwear,Male,34,Shoes,Glasgow,97,1,137,3
134607,5/30/2024,BF1544,Garment,Male,18,Skirt,New York,9,2,18,3
154613,2/8/2024,BF1545,Garment,Male,27,Skirt,London,10,4,200,2
135841,3/2/2024,BF1551,Garment,Female,25,Skirt,Sacramento,15,1,15,4
130975,8/30/2024,BF1551,Footwear,Male,26,Sandals,Glasgow,15,1,55,3
152950,3/18/2024,BF1551,Footwear,Male,28,Sneakers,Cleveland,15,2,30,4
122938,5/19/2024,BF1548,Garment,Male,20,Socks,Paris,65,1,115,4
186103,11/3/2024,BF1548,Accessories,Male,31,Backpack,Detroit,65,1,65,5
191484,12/22/2023,BF1549,Garment,Male,30,Shorts,New York,130,1,130,5
198121,10/10/2024,BF1543,Garment,Male,21,Shirt,Paris,100,1,150,1
157940,5/21/2024,BF1548,Garment,Male,24,Socks,Liverpool,65,1,105,4
178266,12/28/2023,BF1546,Accessories,Male,30,Jewelry,Paris,118,2,336,5
121711,2/20/2024,BF1554,Accessories,Male,23,Handbag,New Jersey,20,1,20,5
185776,7/5/2024,BF1551,Garment,Female,26,Shorts,Sydney,15,1,115,4
175633,12/23/2023,BF1543,Garment,Male,24,Sweater,San Francisco,100,4,400,4
168685,9/12/2024,BF1544,Accessories,Male,27,Gloves,New Jersey,9,4,36,3
163243,10/17/2024,BF1545,Garment,Female,30,Pants,Pittsburgh,10,4,40,4
197813,11/10/2023,BF1543,Garment,Female,24,T-shirt,Montreal,100,1,125,4
162895,1/30/2024,BF1543,Garment,Male,29,Pants,Cleveland,100,3,300,5
167011,10/25/2024,BF1550,Garment,Male,31,Sweater,Sacramento,97,2,194,4
199435,12/10/2023,BF1545,Accessories,Male,35,Gloves,Liverpool,10,1,50,1
126737,12/12/2023,BF1544,Accessories,Male,33,Belt,Dublin,9,1,49,5
137337,1/7/2024,BF1552,Footwear,Male,19,Sneakers,New Jersey,45,1,45,4
138016,3/17/2024,BF1544,Garment,Male,29,Shorts,San Antonio,9,2,18,4
156979,10/27/2024,BF1543,Footwear,Male,23,Sneakers,Cleveland,100,1,100,5
177836,7/10/2024,BF1545,Garment,Male,18,Jeans,London,10,5,250,4
164533,3/7/2024,BF1547,Footwear,Male,19,Sneakers,San Francisco,32,1,32,5
189093,11/7/2023,BF1544,Footwear,Male,21,Boots,San Antonio,9,1,9,4
193770,2/2/2024,BF1543,Outerwear,Male,25,Jacket,Cardiff,100,1,140,5
174384,2/8/2024,BF1544,Accessories,Male,29,Gloves,Detroit,9,1,9,4
174549,7/31/2024,BF1554,Garment,Male,26,Socks,Austin,20,2,40,2
172300,9/8/2024,BF1543,Garment,Male,25,Jeans,Las Vegas,100,2,200,2
147073,1/25/2024,BF1551,Footwear,Female,28,Boots,Dublin,15,1,55,4
134103,7/14/2024,BF1549,Garment,Female,22,Blouse,San Antonio,130,1,130,4
155261,4/4/2024,BF1543,Accessories,Female,27,Hat,Miami,100,1,100,4
151432,2/26/2024,BF1554,Garment,Female,24,Shirt,Mumbai,20,1,90,1
152126,3/2/2024,BF1550,Accessories,Male,32,Handbag,San Francisco,97,2,194,4
127601,7/28/2024,BF1550,Accessories,Male,33,Sunglasses,New York,97,4,388,3
181937,1/22/2024,BF1544,Accessories,Female,35,Scarf,Las Vegas,9,1,9,5
181208,8/21/2024,BF1551,Accessories,Male,21,Sunglasses,Miami,15,2,30,2
131208,5/18/2024,BF1551,Accessories,Male,28,Scarf,San Antonio,15,5,75,3
161958,4/25/2024,BF1550,Accessories,Male,33,Gloves,Cleveland,97,2,194,5
146304,9/7/2024,BF1543,Garment,Male,33,Shorts,New York,100,1,100,1
145953,8/6/2024,BF1548,Accessories,Female,29,Sunglasses,Cleveland,65,1,65,2
186439,5/21/2024,BF1551,Accessories,Male,27,Jewelry,San Antonio,15,1,15,2
138129,4/25/2024,BF1545,Outerwear,Male,24,Jacket,Miami,10,1,10,4
141164,4/12/2024,BF1554,Garment,Female,19,Sweater,Montreal,20,1,45,4
139161,8/5/2024,BF1550,Garment,Female,23,Blouse,Detroit,97,4,388,4
165487,10/26/2024,BF1543,Accessories,Male,24,Scarf,Pittsburgh,100,3,300,5
176646,11/30/2023,BF1550,Accessories,Male,31,Handbag,London,97,1,137,5
122503,12/5/2023,BF1554,Accessories,Male,19,Hat,New Jersey,20,2,40,4
183941,12/4/2023,BF1548,Accessories,Male,25,Scarf,Liverpool,65,4,420,4
174294,3/6/2024,BF1543,Footwear,Female,21,Boots,Sacramento,100,5,500,3
137571,12/7/2023,BF1554,Garment,Male,28,Blouse,Austin,20,1,20,4
169511,4/13/2024,BF1550,Garment,Male,34,Socks,New York,97,1,97,1
193615,1/25/2024,BF1551,Footwear,Male,28,Shoes,Memphis,15,1,15,4
187201,8/11/2024,BF1550,Garment,Male,21,Skirt,Sacramento,97,3,291,5
146803,5/18/2024,BF1543,Accessories,Male,22,Belt,New York,100,2,200,5
162523,7/22/2024,BF1549,Garment,Male,28,Skirt,New Jersey,130,1,130,5
162019,7/28/2024,BF1546,Garment,Male,22,Pants,Liverpool,118,4,632,3
159685,1/30/2024,BF1550,Garment,Female,28,Dress,Austin,97,2,194,3
185983,7/21/2024,BF1543,Accessories,Male,30,Hat,Portland,100,4,400,4
148088,10/3/2024,BF1551,Outerwear,Male,29,Coat,Portland,15,1,15,1
181012,4/24/2024,BF1548,Accessories,Female,31,Scarf,Cleveland,65,5,325,4
188937,7/2/2024,BF1554,Footwear,Male,25,Sneakers,Dublin,20,2,120,2
198303,3/7/2024,BF1551,Garment,Male,33,Pants,Cleveland,15,1,15,4
195531,10/12/2024,BF1548,Accessories,Male,27,Belt,Detroit,65,1,65,1
188143,8/14/2024,BF1543,Footwear,Male,27,Sneakers,Cleveland,100,4,400,1
137819,6/25/2024,BF1544,Accessories,Male,27,Hat,Austin,9,1,9,4
125247,9/28/2024,BF1544,Garment,Male,29,Shirt,San Antonio,9,2,18,4
184044,9/18/2024,BF1544,Garment,Male,35,Shorts,Montreal,9,3,102,5
181700,11/7/2023,BF1550,Garment,Male,20,Shorts,New York,97,1,97,2
143053,8/22/2024,BF1548,Outerwear,Female,27,Jacket,Montreal,65,1,90,2
167328,2/29/2024,BF1550,Accessories,Male,26,Jewelry,New Jersey,97,1,97,4
161427,5/11/2024,BF1555,Garment,Female,26,Blouse,Cardiff,23,5,315,4
139149,4/7/2024,BF1551,Garment,Female,30,Pants,San Francisco,15,3,45,4
179348,8/7/2024,BF1543,Accessories,Male,26,Hat,Manchester,100,2,280,4
129539,12/4/2023,BF1551,Accessories,Male,19,Backpack,New Delhi,15,2,170,5
177691,6/6/2024,BF1551,Footwear,Female,28,Boots,Manchester,15,2,110,5
126870,5/6/2024,BF1549,Outerwear,Female,24,Jacket,Cleveland,130,1,130,4
150868,9/15/2024,BF1548,Garment,Male,20,Hoodie,Austin,65,1,65,2
159495,1/1/2024,BF1547,Footwear,Male,29,Sandals,Cleveland,32,1,32,5
179602,5/6/2024,BF1548,Garment,Male,35,Skirt,Portland,65,2,130,1
196848,9/27/2024,BF1549,Garment,Male,23,Hoodie,Mumbai,130,1,200,5
153332,12/23/2023,BF1551,Garment,Male,22,Dress,Detroit,15,1,15,5
123451,10/9/2024,BF1550,Footwear,Male,24,Sandals,Toronto,97,2,244,5
144678,8/10/2024,BF1548,Garment,Male,18,Jeans,Glasgow,65,1,105,5
183033,5/18/2024,BF1548,Garment,Male,21,Jeans,New Jersey,65,1,65,5
120421,11/23/2023,BF1551,Outerwear,Male,25,Jacket,Sacramento,15,1,15,1
149834,10/15/2024,BF1546,Accessories,Female,20,Hat,Portland,118,1,118,5
144277,1/21/2024,BF1545,Garment,Male,24,Shorts,Cleveland,10,2,20,4
122883,1/12/2024,BF1544,Garment,Male,29,Sweater,Montreal,9,1,34,2
157198,1/4/2024,BF1546,Garment,Male,28,Blouse,Pittsburgh,118,1,118,4
184786,6/30/2024,BF1544,Garment,Male,27,Sweater,Miami,9,1,9,4
192653,1/27/2024,BF1547,Accessories,Female,30,Jewelry,San Antonio,32,1,32,5
169536,8/7/2024,BF1548,Garment,Female,28,Hoodie,Austin,65,1,65,3
127946,2/8/2024,BF1549,Accessories,Male,24,Jewelry,Detroit,130,4,520,3
183160,7/19/2024,BF1546,Accessories,Male,30,Scarf,Toronto,118,1,143,5
134882,8/9/2024,BF1545,Accessories,Male,28,Hat,New York,10,1,10,1
152314,7/23/2024,BF1545,Accessories,Male,34,Sunglasses,Paris,10,4,240,5
132747,1/22/2024,BF1545,Garment,Female,22,T-shirt,Memphis,10,1,10,4
184430,5/11/2024,BF1549,Garment,Male,33,Shirt,New Jersey,130,1,130,3
168751,12/2/2023,BF1548,Footwear,Male,19,Sandals,Memphis,65,1,65,3
140063,6/29/2024,BF1551,Accessories,Male,22,Hat,Manchester,15,1,55,4
186300,7/1/2024,BF1544,Garment,Male,32,T-shirt,Cleveland,9,2,18,5
150905,4/25/2024,BF1548,Garment,Male,31,Shorts,Las Vegas,65,1,65,4
182819,12/15/2023,BF1550,Accessories,Female,20,Sunglasses,Miami,97,2,194,4
133014,6/28/2024,BF1545,Outerwear,Male,23,Jacket,Austin,10,3,30,1
189082,2/14/2024,BF1547,Garment,Female,35,Shirt,San Antonio,32,1,32,4
189076,3/20/2024,BF1543,Accessories,Male,24,Scarf,New Delhi,100,2,340,3
137150,8/9/2024,BF1551,Garment,Female,33,T-shirt,Las Vegas,15,3,45,5
153986,7/13/2024,BF1550,Garment,Male,18,Shorts,Cleveland,97,1,97,5
146381,6/25/2024,BF1548,Accessories,Male,27,Hat,Portland,65,1,65,2
127704,2/22/2024,BF1548,Outerwear,Male,27,Jacket,San Antonio,65,1,65,4
135241,8/22/2024,BF1543,Garment,Female,19,Dress,San Francisco,100,2,200,4
197599,8/12/2024,BF1551,Outerwear,Male,19,Coat,Miami,15,3,45,4
148062,4/12/2024,BF1544,Footwear,Male,21,Sandals,Toronto,9,2,68,5
170133,11/15/2023,BF1543,Garment,Male,29,T-shirt,Sacramento,100,1,100,3
139258,1/25/2024,BF1548,Outerwear,Female,25,Jacket,Austin,65,1,65,5
135733,1/13/2024,BF1554,Footwear,Male,33,Sandals,Detroit,20,1,20,5
153497,3/8/2024,BF1545,Garment,Female,28,Sweater,Montreal,10,1,35,4
147281,9/16/2024,BF1550,Accessories,Male,25,Hat,Austin,97,5,485,5
134416,8/18/2024,BF1548,Footwear,Male,27,Shoes,New York,65,1,65,5
138031,1/20/2024,BF1543,Garment,Male,32,Hoodie,San Francisco,100,1,100,1
158437,5/22/2024,BF1545,Accessories,Male,32,Hat,Las Vegas,10,1,10,3
154230,9/1/2024,BF1544,Garment,Male,18,Skirt,Sacramento,9,1,9,4
152426,6/17/2024,BF1548,Garment,Female,18,Shirt,San Francisco,65,2,130,5
135985,7/18/2024,BF1551,Accessories,Male,35,Scarf,San Francisco,15,1,15,1
144743,11/3/2024,BF1548,Garment,Male,31,Pants,Sydney,65,3,495,4
126685,7/13/2024,BF1545,Accessories,Female,30,Hat,San Antonio,10,1,10,3
156076,3/23/2024,BF1549,Footwear,Male,21,Sandals,London,130,1,170,4
130550,12/16/2023,BF1550,Garment,Female,25,Socks,San Antonio,97,1,97,4
121083,1/13/2024,BF1551,Accessories,Male,32,Jewelry,Manchester,15,1,55,4
121191,5/6/2024,BF1548,Garment,Male,22,Shirt,Manchester,65,1,105,3
146816,5/22/2024,BF1551,Footwear,Male,29,Sneakers,Montreal,15,1,40,3
135880,6/27/2024,BF1551,Garment,Male,29,Dress,Glasgow,15,1,55,5
187391,3/24/2024,BF1547,Garment,Male,20,Shirt,Portland,32,1,32,5
181834,12/19/2023,BF1550,Garment,Female,31,Dress,San Francisco,97,1,97,5
189295,9/9/2024,BF1550,Accessories,Male,33,Jewelry,New York,97,3,291,4
157600,3/7/2024,BF1549,Accessories,Female,31,Hat,New York,130,3,390,2
169822,11/11/2023,BF1554,Garment,Male,25,Skirt,Memphis,20,2,40,4
185274,9/11/2024,BF1548,Garment,Male,32,Hoodie,Portland,65,1,65,1
127319,11/14/2023,BF1550,Accessories,Male,28,Backpack,Liverpool,97,1,137,1
159179,12/8/2023,BF1547,Accessories,Male,35,Belt,Detroit,32,1,32,5
166643,6/15/2024,BF1543,Footwear,Female,26,Shoes,Sacramento,100,3,300,1
149019,11/11/2023,BF1544,Accessories,Male,19,Handbag,New Delhi,9,1,79,4
121585,10/11/2024,BF1554,Garment,Female,27,Dress,New Jersey,20,1,20,3
